ticker,detail,TTM,Y1,Y2,Y3,Y4,Y5,Y6,Y7,Y8,Y9,Y10
AAPL,Year End,TTM,2020-09,2019-09,2018-09,2017-09,2016-09,2015-09,2014-09,2013-09,2012-09,2011-09
AAPL,Revenue,"294,135","274,515","260,174","265,595","229,234","215,639","233,715","182,795","170,910","156,508","108,249"
AAPL,NP,"63,930","57,411","55,256","59,531","48,351","45,687","53,394","39,510","37,037","41,733","25,922"
AAPL,EPS,3.71,3.28,2.97,2.98,2.30,2.08,2.31,1.61,1.42,1.58,0.99
AAPL,DPS,0.81,0.80,0.75,0.68,0.60,0.55,0.49,0.45,0.41,0.09,—
AAPL,Div Payout,21.7,23.7,25.1,23.7,26.5,24.8,22.3,28.5,27.4,—,—
AAPL,Shares,"17,352","17,528","18,596","20,000","21,007","22,001","23,172","24,491","26,087","26,470","26,226"
AAPL,BVPS,3.94,4.26,5.43,6.04,6.46,5.93,5.63,5.15,4.90,4.25,2.94
AAPL,OCF,"88,921","80,674","69,391","77,434","63,598","65,824","81,266","59,713","53,666","50,856","37,529"
AAPL,NP Margin,21.73,20.91,21.24,22.41,21.09,21.19,22.85,21.61,21.67,26.67,23.95
AAPL,ROE,82.09,73.69,55.92,49.36,36.87,36.90,46.25,33.61,30.64,42.84,41.67
AAPL,Revenue GR,21.37,5.51,-2.04,15.86,6.30,-7.73,27.86,6.95,9.20,44.58,65.96
AAPL,Revenue GR 3Y avg,—,6.19,6.46,4.35,7.84,8.06,14.30,19.08,37.86,62.41,49.37
AAPL,Revenue GR 5Y avg,—,3.27,7.31,9.22,7.93,14.78,29.08,37.99,39.39,45.49,41.16
AAPL,Revenue GR 10Y avg,—,15.46,21.69,23.38,25.31,27.29,32.58,36.27,39.31,39.17,35.05
AAPL,NP GR,—,5.89,6.54,3.69,6.96,7.25,8.56,15.08,38.26,94.13,75.03
AAPL,NP GR 3Y avg,—,1.46,6.94,9.96,2.99,12.00,30.67,47.27,50.27,64.20,67.11
AAPL,NP GR 5Y avg,—,15.15,25.49,28.54,30.04,36.81,44.61,64.28,87.49,90.88,—
AAPL,NP GR 10Y avg,0.0,0.0,0.0,0.0,0.0,0.0,0.0,0.0,0.0,0.0,0.0
AAPL,EPS GR,34.67,10.34,-0.17,29.32,10.83,-9.87,42.95,13.58,-9.97,59.50,82.71
AAPL,EPS GR 3Y avg,—,12.52,12.68,8.91,12.61,13.53,13.49,17.71,37.92,91.47,72.85
AAPL,EPS GR 5Y avg,—,7.31,13.01,15.97,7.87,16.01,33.62,48.32,49.29,62.22,64.90
AAPL,EPS GR 10Y avg,—,19.75,29.47,31.58,32.28,38.31,45.10,62.35,82.88,85.81,—
AAPL,OCF GR,—,16.26,-10.39,21.76,-3.38,-19.00,36.09,11.27,5.53,35.51,101.82
AAPL,D/E,1.50,1.51,1.01,0.87,0.73,0.59,0.45,0.26,0.14,—,—
AAPL,Price,134.16,115.44,55.27,54.85,36.89,26.59,25.32,22.81,15.08,20.61,11.73
AAPL,P/E,36.33,35.41,18.65,18.48,16.04,12.86,11.01,14.19,10.65,13.07,11.87
ADBE,Year End,TTM,2020-11,2019-11,2018-11,2017-11,2016-11,2015-11,2014-11,2013-11,2012-11,2011-11
ADBE,Revenue,"13,682","12,868","11,171","9,030","7,302","5,854","4,796","4,147","4,055","4,404","4,216"
ADBE,NP,"5,566","5,260","2,951","2,591","1,694","1,169",630,268,290,833,833
ADBE,EPS,11.48,10.83,6.00,5.20,3.38,2.32,1.24,0.53,0.56,1.66,1.65
ADBE,DPS,—,—,—,—,—,—,—,—,—,—,—
ADBE,Div Payout,—,—,—,—,—,—,—,—,—,—,—
ADBE,Shares,484,485,492,498,501,504,507,508,513,503,504
ADBE,BVPS,28.34,24.45,21.24,18.17,16.57,14.64,13.74,13.53,13.77,13.49,11.78
ADBE,OCF,"6,174","5,727","4,422","4,029","2,913","2,200","1,470","1,287","1,152","1,500","1,543"
ADBE,NP Margin,40.68,40.88,26.42,28.69,23.20,19.96,13.13,6.47,7.15,18.91,19.75
ADBE,ROE,46.36,44.21,29.67,29.07,21.33,16.20,9.14,3.98,4.33,13.38,15.18
ADBE,Revenue GR,26.33,15.19,23.71,23.67,24.72,22.08,15.64,2.26,-7.91,4.45,10.95
ADBE,Revenue GR 3Y avg,—,20.79,24.03,23.49,20.75,13.02,2.88,-0.55,2.19,14.34,5.61
ADBE,Revenue GR 5Y avg,—,21.82,21.92,17.36,10.64,6.79,4.76,7.08,2.52,6.88,10.36
ADBE,Revenue GR 10Y avg,—,12.97,14.26,9.69,8.74,8.56,9.32,9.54,12.09,14.22,13.11
ADBE,NP GR,—,45.89,36.18,60.25,84.80,59.14,-8.90,-31.44,-27.93,29.16,-1.51
ADBE,NP GR 3Y avg,—,52.89,61.53,54.96,15.26,7.01,-4.06,-7.03,-19.76,2.84,10.49
ADBE,NP GR 5Y avg,—,21.11,22.54,11.51,8.87,8.74,0.43,-5.05,0.85,15.84,15.01
ADBE,NP GR 10Y avg,0.0,0.0,0.0,0.0,0.0,0.0,0.0,0.0,0.0,0.0,0.0
ADBE,EPS GR,33.16,80.50,15.38,53.85,45.69,87.10,133.96,-5.36,-66.27,0.61,12.24
ADBE,EPS GR 3Y avg,—,47.42,37.26,61.26,85.44,60.61,-9.27,-31.51,-27.51,31.50,1.24
ADBE,EPS GR 5Y avg,—,54.26,62.47,56.16,15.28,7.05,-3.35,-6.20,-18.84,6.53,14.73
ADBE,EPS GR 10Y avg,—,22.10,23.45,12.58,10.82,10.83,0.41,-5.26,0.18,15.44,14.80
ADBE,OCF GR,—,29.52,9.74,38.33,32.42,49.69,14.14,11.79,-23.20,-2.83,38.66
ADBE,D/E,0.34,0.34,0.09,0.44,0.22,0.26,0.27,0.13,0.22,0.22,0.26
ADBE,Price,525.08,478.47,309.53,250.89,181.47,102.81,91.46,73.68,56.78,34.61,27.42
ADBE,P/E,45.7,44.14,51.59,48.16,53.53,44.31,73.76,150.37,99.61,20.85,16.62
ADDYY,Year End,TTM,2020-12,2019-12,2018-12,2017-12,2016-12,2015-12,2014-12,2013-12,2012-12,2011-12
ADDYY,Revenue,"19,844","19,844","23,640","21,915","21,218","19,291","16,915","14,534","14,492","14,883","13,344"
ADDYY,NP,432,432,"1,976","1,702","1,097","1,017",634,490,787,526,671
ADDYY,EPS,1.10,1.10,5.00,4.21,2.69,2.50,1.57,1.33,1.88,1.26,1.47
ADDYY,DPS,—,—,1.69,1.33,0.97,0.81,0.76,0.75,0.68,0.52,0.40
ADDYY,Div Payout,—,—,36.5,33.5,30.2,33.7,47.3,50.6,53.9,41.4,25.3
ADDYY,Shares,390,390,395,404,408,412,403,418,418,418,418
ADDYY,BVPS,19.82,20.59,20.33,18.67,18.94,16.07,15.61,18.21,18.54,16.76,15.85
ADDYY,OCF,"1,486","1,486","2,819","2,646","1,648","1,348","1,090",701,634,942,792
ADDYY,NP Margin,2.18,2.18,8.36,7.77,5.17,5.27,3.75,3.37,5.43,3.53,5.03
ADDYY,ROE,6.52,6.52,30.00,26.54,16.98,16.76,11.23,8.82,14.58,9.90,13.50
ADDYY,Revenue GR,-4.98,-16.06,7.87,3.28,9.99,14.05,16.38,0.29,-2.63,11.53,11.29
ADDYY,Revenue GR 3Y avg,—,-2.21,7.01,9.02,13.44,10.00,4.36,2.89,6.52,12.76,7.31
ADDYY,Revenue GR 5Y avg,—,3.25,10.22,8.62,7.35,7.65,7.12,6.96,6.06,7.64,5.76
ADDYY,Revenue GR 10Y avg,—,5.17,8.58,7.33,7.50,6.70,9.81,8.42,8.74,8.60,—
ADDYY,NP GR,—,-26.70,24.78,38.98,30.82,8.92,6.42,-9.95,11.55,29.01,1.38
ADDYY,NP GR 3Y avg,—,-7.39,32.17,16.68,15.84,8.67,2.26,14.87,4.09,-1.07,6.23
ADDYY,NP GR 5Y avg,—,-2.68,23.21,10.21,7.05,7.44,4.97,4.24,11.23,8.69,—
ADDYY,NP GR 10Y avg,0.0,0.0,0.0,0.0,0.0,0.0,0.0,0.0,0.0,0.0,0.0
ADDYY,EPS GR,-11.49,-77.90,18.76,56.51,7.82,48.07,43.40,-37.50,49.21,-21.25,18.08
ADDYY,EPS GR 3Y avg,—,-25.66,26.08,35.69,31.80,9.89,10.17,-9.78,11.53,27.35,1.39
ADDYY,EPS GR 5Y avg,—,-8.09,33.59,17.50,16.38,9.29,4.46,14.01,4.14,-0.39,-6.59
ADDYY,EPS GR 10Y avg,—,-2.02,23.41,10.62,7.67,1.04,-1.90,3.69,10.15,7.18,—
ADDYY,OCF GR,—,-47.29,6.54,60.56,22.26,23.67,55.49,10.57,-32.70,18.94,-11.41
ADDYY,D/E,0.72,0.72,0.59,0.27,0.15,0.15,0.26,0.28,0.12,0.23,0.18
ADDYY,Price,166.90,182.99,162.80,104.34,99.82,78.55,48.51,34.51,64.23,44.80,32.61
AMC,Year End,TTM,2020-12,2019-12,2018-12,2017-12,2016-12,2015-12,2014-12,2013-12,2012-03,2011-03
AMC,Revenue,"1,242","1,242","5,471","5,461","5,079","3,236","2,947","2,695","2,749","2,601","2,423"
AMC,NP,"-4,589","-4,589",-149,110,-487,112,104,64,364,-94,-174
AMC,EPS,-39.15,-39.15,-1.44,0.41,-3.80,1.13,1.06,0.66,4.76,-0.99,-1.84
AMC,DPS,0.03,0.03,0.80,0.80,0.80,0.80,0.80,0.60,—,—,—
AMC,Div Payout,—,—,—,—,—,63.5,86.0,12.2,—,—,—
AMC,Shares,117,117,104,130,128,99,98,98,77,95,95
AMC,BVPS,-6.41,-10.57,11.39,12.13,19.00,14.24,15.58,15.53,8.75,—,—
AMC,OCF,"-1,130","-1,130",579,523,559,432,468,297,357,137,-16
AMC,NP Margin,-369.40,-369.40,-2.73,2.02,-9.59,3.45,3.52,2.38,13.25,-3.62,-7.19
AMC,ROE,—,—,-11.42,6.27,-23.63,6.29,6.80,4.24,32.05,-44.43,-49.41
AMC,Revenue GR,-88.78,-77.29,0.19,7.51,56.97,9.81,9.33,-1.97,3.22,7.33,—
AMC,Revenue GR 3Y avg,—,-37.46,19.13,22.83,23.52,5.58,3.39,2.88,3.48,—,—
AMC,Revenue GR 5Y avg,—,-15.86,15.21,14.71,12.33,5.15,3.50,—,—,—,—
AMC,Revenue GR 10Y avg,—,-6.00,—,—,—,—,—,—,—,—,—
AMC,NP GR,—,—,—,1.97,—,-32.58,—,—,49.77,—,—
AMC,NP GR 3Y avg,—,—,—,-21.29,—,—,4.66,—,—,—,—
AMC,NP GR 5Y avg,—,—,—,—,—,—,—,—,—,—,—
AMC,NP GR 10Y avg,0.0,0.0,0.0,0.0,0.0,0.0,0.0,0.0,0.0,0.0,0.0
AMC,EPS GR,—,—,—,—,—,6.60,60.61,-86.13,—,—,—
AMC,EPS GR 3Y avg,—,—,—,-27.14,—,-38.08,—,—,58.52,—,—
AMC,EPS GR 5Y avg,—,—,—,-38.76,—,—,4.05,—,—,—,—
AMC,EPS GR 10Y avg,—,—,—,—,—,—,—,—,—,—,—
AMC,OCF GR,—,—,10.67,-6.35,29.43,-7.68,57.27,-16.80,72.74,—,—
AMC,D/E,—,—,8.02,3.85,2.38,2.27,1.40,1.35,1.57,14.42,9.44
AMC,Price,9.33,7.19,11.34,12.32,26.27,18.23,19.34,0.0,0.0,0.0,0.0
AMC,P/E,0.0,0.0,0.0,0.0,22.45,17.36,29.75,0.0,0.0,0.0,0.0
AMD,Year End,TTM,2020-12,2019-12,2018-12,2017-12,2016-12,2015-12,2014-12,2013-12,2012-12,2011-12
AMD,Revenue,"9,763","9,763","6,731","6,475","5,329","4,272","3,991","5,506","5,299","5,422","6,568"
AMD,NP,"2,490","2,490",341,337,43,-497,-660,-403,-83,"-1,183",491
AMD,EPS,2.06,2.06,0.30,0.32,-0.03,-0.60,-0.84,-0.53,-0.11,-1.60,0.66
AMD,DPS,—,—,—,—,—,—,—,—,—,—,—
AMD,Div Payout,—,—,—,—,—,—,—,—,—,—,—
AMD,Shares,"1,207","1,207","1,120","1,064",952,835,783,768,754,741,742
AMD,BVPS,4.81,3.19,1.86,1.12,0.54,0.41,-0.42,0.69,0.60,0.75,2.50
AMD,OCF,"1,071","1,071",493,34,68,90,-226,-98,-148,-338,382
AMD,NP Margin,25.50,25.50,5.07,5.20,0.81,-11.63,-16.54,-7.32,-1.57,-21.82,7.48
AMD,ROE,57.48,57.48,16.66,35.91,8.37,—,—,-110.26,-15.34,-111.18,37.73
AMD,Revenue GR,52.52,45.05,3.95,21.51,24.74,7.04,-27.52,3.91,-2.27,-17.45,1.14
AMD,Revenue GR 3Y avg,—,22.36,16.36,17.50,-1.08,-6.93,-9.71,-5.71,-6.55,0.12,4.18
AMD,Revenue GR 5Y avg,—,19.59,4.10,4.09,-0.35,-8.24,-9.28,0.38,-1.82,-2.05,3.06
AMD,Revenue GR 10Y avg,—,4.16,2.22,1.09,-1.20,-2.76,-3.75,0.97,4.18,7.23,5.37
AMD,NP GR,—,286.88,—,—,—,—,—,—,—,—,—
AMD,NP GR 3Y avg,—,—,—,—,—,—,—,—,—,—,—
AMD,NP GR 5Y avg,—,18.12,-0.97,—,—,—,—,—,—,—,—
AMD,NP GR 10Y avg,0.0,0.0,0.0,0.0,0.0,0.0,0.0,0.0,0.0,0.0,0.0
AMD,EPS GR,866.67,586.67,-6.25,700.00,—,—,—,—,—,—,3.13
AMD,EPS GR 3Y avg,—,272.05,—,—,—,—,—,—,—,—,—
AMD,EPS GR 5Y avg,—,—,—,—,—,—,—,—,—,—,—
AMD,EPS GR 10Y avg,—,12.40,-3.97,—,—,—,—,—,—,—,—
AMD,OCF GR,—,117.24,—,-50.00,-24.44,—,—,—,—,—,—
AMD,D/E,0.09,0.09,0.24,0.88,2.17,3.45,—,10.88,3.67,3.79,0.96
AMD,Price,82.15,91.71,45.86,18.46,10.28,11.34,2.87,2.67,3.87,2.4,5.4
AMD,P/E,40.27,44.96,152.87,57.69,342.67,0.0,0.0,0.0,0.0,0.0,8.31
AMZN,Year End,TTM,2020-12,2019-12,2018-12,2017-12,2016-12,2015-12,2014-12,2013-12,2012-12,2011-12
AMZN,Revenue,"386,064","386,064","280,522","232,887","177,866","135,987","107,006","88,988","74,452","61,093","48,077"
AMZN,NP,"21,331","21,331","11,588","10,073","3,033","2,371",596,-241,274,-39,631
AMZN,EPS,41.83,41.83,23.01,20.14,6.15,4.90,1.25,-0.52,0.59,-0.09,1.37
AMZN,DPS,—,—,—,—,—,—,—,—,—,—,—
AMZN,Div Payout,—,—,—,—,—,—,—,—,—,—,—
AMZN,Shares,510,510,504,500,493,484,477,462,465,453,461
AMZN,BVPS,185.28,164.56,113.47,79.68,50.95,37.28,26.39,22.23,19.80,18.04,17.07
AMZN,OCF,"66,064","66,064","38,514","30,723","18,434","16,443","11,920","6,842","5,475","4,180","3,903"
AMZN,NP Margin,5.53,5.53,4.13,4.33,1.71,1.74,0.56,-0.27,0.37,-0.06,1.31
AMZN,ROE,27.44,27.44,21.95,28.27,12.91,14.52,4.94,-2.35,3.06,-0.49,8.63
AMZN,Revenue GR,43.60,37.62,20.45,30.93,30.80,27.08,20.25,19.52,21.87,27.07,40.56
AMZN,Revenue GR 3Y avg,—,29.48,27.30,29.59,25.97,22.24,20.54,22.78,29.60,35.59,35.87
AMZN,Revenue GR 5Y avg,—,29.26,25.81,25.62,23.83,23.12,25.62,29.42,31.18,32.72,35.03
AMZN,Revenue GR 10Y avg,—,27.43,27.60,28.37,28.20,28.93,28.84,29.10,30.33,31.56,31.45
AMZN,NP GR,—,91.59,69.70,156.63,—,105.30,—,—,-38.04,—,-0.73
AMZN,NP GR 3Y avg,—,104.53,—,105.63,—,30.31,-12.35,—,-15.74,—,27.13
AMZN,NP GR 5Y avg,—,33.89,29.09,31.63,20.34,28.71,5.20,—,22.75,—,—
AMZN,NP GR 10Y avg,0.0,0.0,0.0,0.0,0.0,0.0,0.0,0.0,0.0,0.0,0.0
AMZN,EPS GR,117.77,81.79,14.25,227.48,25.51,292.00,—,—,—,—,-45.85
AMZN,EPS GR 3Y avg,—,89.47,67.46,152.57,—,102.51,—,—,-38.45,—,-2.76
AMZN,EPS GR 5Y avg,—,101.80,—,102.60,—,29.03,-13.15,—,-16.91,—,24.94
AMZN,EPS GR 10Y avg,—,32.38,27.42,29.74,18.57,26.97,4.06,—,22.12,—,—
AMZN,OCF GR,—,71.53,25.36,66.66,12.11,37.94,74.22,24.97,30.98,7.10,11.67
AMZN,D/E,0.90,0.90,1.02,0.91,1.37,0.79,1.06,1.16,0.53,0.47,0.18
AMZN,Price,3399.44,3256.93,1847.84,1501.97,1169.47,749.87,675.89,310.35,398.79,250.87,173.1
AMZN,P/E,81.38,77.97,80.31,74.61,190.16,152.72,545.07,0.0,687.57,0.0,126.35
ASML,Year End,TTM,2020-12,2019-12,2018-12,2017-12,2016-12,2015-12,2014-12,2013-12,2012-12,2011-12
ASML,Revenue,"13,979","13,979","11,820","10,944","9,052","6,795","6,287","5,856","5,245","4,732","5,651"
ASML,NP,"3,553","3,553","2,574","2,585","2,135","1,472","1,387","1,197","1,015","1,146","1,467"
ASML,EPS,8.48,8.48,6.15,6.08,4.79,3.64,3.21,2.72,2.34,2.68,3.42
ASML,DPS,2.54,2.54,3.14,1.42,1.17,1.06,0.68,0.60,0.54,0.60,0.44
ASML,Div Payout,29.9,30.0,39.4,24.8,25.2,36.3,21.3,19.4,29.2,22.3,9.2
ASML,Shares,419,419,422,426,432,427,433,440,433,427,429
ASML,BVPS,39.89,40.58,32.21,30.30,28.90,20.93,20.81,20.57,20.68,13.21,13.36
ASML,OCF,"4,628","4,628","3,276","3,072","1,798","1,666","2,026","1,025","1,054",703,"2,070"
ASML,NP Margin,25.42,25.42,21.93,23.68,23.40,21.66,22.06,20.43,19.36,24.23,25.96
ASML,ROE,26.86,26.86,21.39,23.23,20.67,16.17,17.45,16.58,18.48,30.52,47.18
ASML,Revenue GR,5.40,18.26,8.00,20.89,33.23,8.07,7.36,11.65,10.86,-16.27,25.36
ASML,Revenue GR 3Y avg,—,15.58,20.27,20.29,15.63,9.01,9.94,1.20,5.18,43.65,24.04
ASML,Revenue GR 5Y avg,—,17.33,15.08,15.85,13.86,3.76,6.88,29.69,12.12,4.40,9.45
ASML,Revenue GR 10Y avg,—,11.98,22.17,13.97,9.03,6.57,9.54,9.05,13.04,9.23,11.83
ASML,NP GR,—,18.51,20.48,23.06,21.29,13.17,6.56,-6.56,-0.21,—,65.58
ASML,NP GR 3Y avg,—,20.70,16.56,20.55,13.25,0.07,6.30,—,25.74,10.72,18.62
ASML,NP GR 5Y avg,—,13.27,—,23.12,11.98,8.95,16.12,17.66,—,—,—
ASML,NP GR 10Y avg,0.0,0.0,0.0,0.0,0.0,0.0,0.0,0.0,0.0,0.0,0.0
ASML,EPS GR,20.07,37.89,1.15,23.83,42.73,7.17,18.01,16.24,-12.69,-39.66,46.78
ASML,EPS GR 3Y avg,—,19.98,21.37,23.73,21.76,13.71,6.20,-15.08,-8.21,—,66.65
ASML,EPS GR 5Y avg,—,21.44,17.72,21.04,12.87,-4.98,1.19,—,19.52,7.40,19.09
ASML,EPS GR 10Y avg,—,10.85,—,20.28,10.10,6.38,13.17,14.25,—,—,—
ASML,OCF GR,—,41.24,6.63,70.84,7.97,-17.76,97.58,-2.75,49.85,-66.02,120.25
ASML,D/E,0.34,0.34,0.25,0.26,0.28,0.31,0.13,0.15,0.15,0.19,0.21
ASML,Price,645.69,487.72,293.34,151.88,168.16,107.48,83.96,101.27,87.1,59.3,39.62
ASML,P/E,65.82,49.72,39.96,21.21,30.63,28.21,23.85,29.96,28.94,13.92,6.48
ATVI,Year End,TTM,2020-12,2019-12,2018-12,2017-12,2016-12,2015-12,2014-12,2013-12,2012-12,2011-12
ATVI,Revenue,"8,086","8,086","6,489","7,500","7,017","6,608","4,664","4,408","4,583","4,856","4,755"
ATVI,NP,"2,197","2,197","1,503","1,813",273,966,892,835,"1,010","1,149","1,085"
ATVI,EPS,2.82,2.82,1.95,2.40,0.36,1.28,1.19,1.13,0.95,1.01,0.92
ATVI,DPS,0.41,0.41,0.37,0.34,0.30,0.26,0.23,0.20,0.19,0.18,0.17
ATVI,Div Payout,14.5,14.4,17.5,45.3,20.5,22.6,15.7,23.3,18.2,17.8,25.4
ATVI,Shares,778,778,771,771,766,754,739,726,"1,035","1,118","1,156"
ATVI,BVPS,19.41,18.58,15.92,13.96,13.16,11.83,10.88,9.69,17.25,10.18,9.33
ATVI,OCF,"2,252","2,252","1,831","1,790","2,213","2,155","1,192","1,292","1,264","1,345",952
ATVI,NP Margin,27.17,27.17,23.16,24.17,3.89,14.56,18.89,18.53,21.54,23.17,22.82
ATVI,ROE,15.78,15.78,12.44,17.42,2.94,11.19,11.52,11.79,11.00,10.32,10.49
ATVI,Revenue GR,21.45,24.61,-13.48,6.88,6.19,41.68,5.81,-3.82,-5.62,2.12,6.93
ATVI,Revenue GR 3Y avg,—,4.84,-0.60,17.16,16.76,12.97,-1.34,-2.49,1.01,4.31,16.26
ATVI,Revenue GR 5Y avg,—,11.63,8.04,10.35,7.64,6.80,0.96,0.60,8.66,11.46,27.22
ATVI,Revenue GR 10Y avg,—,6.16,4.25,9.50,9.48,16.30,12.58,12.42,17.53,19.34,20.25
ATVI,NP GR,—,100.40,15.88,26.67,-31.11,-1.47,-8.09,-8.36,34.19,116.64,—
ATVI,NP GR 3Y avg,—,19.75,12.47,12.41,-24.98,-2.30,16.37,49.18,—,28.79,70.49
ATVI,NP GR 5Y avg,—,18.05,29.54,—,-2.37,28.15,36.80,20.23,30.06,33.96,36.46
ATVI,NP GR 10Y avg,0.0,0.0,0.0,0.0,0.0,0.0,0.0,0.0,0.0,0.0,0.0
ATVI,EPS GR,-4.41,44.62,-17.02,552.78,-71.88,7.56,5.31,18.95,-5.94,9.78,178.79
ATVI,EPS GR 3Y avg,—,98.60,15.06,25.46,-31.70,10.45,5.62,7.09,42.26,123.89,—
ATVI,EPS GR 5Y avg,—,18.83,11.53,19.86,-18.64,6.83,29.24,65.87,—,13.63,48.56
ATVI,EPS GR 10Y avg,—,23.93,36.01,—,-4.25,25.45,33.69,16.84,20.67,29.66,24.31
ATVI,OCF GR,—,22.99,2.29,-19.11,2.69,80.79,-7.74,2.22,-6.02,41.28,-30.81
ATVI,D/E,0.24,0.24,0.21,0.24,0.46,0.54,0.51,0.60,0.70,—,—
ATVI,Price,96.48,92.4,58.75,45.68,61.78,35.02,37.24,19.19,16.82,9.89,11.31
ATVI,P/E,34.09,32.65,30.13,19.44,171.62,28.94,31.04,16.83,17.71,9.89,12.29
BABA,Year End,TTM,2020-03,2019-03,2018-03,2017-03,2016-03,2015-03,2014-03,2013-03,2012-03,2011-12
BABA,Revenue,"644,208","509,711","376,844","250,266","158,273","101,143","76,204","52,504","34,517","20,025","6,417"
BABA,NP,"159,164","149,433","87,886","64,093","43,675","71,460","24,261","23,315","8,532","4,228","1,713"
BABA,EPS,57.52,55.92,33.36,24.48,16.97,27.89,9.70,10.00,3.57,1.81,0.34
BABA,DPS,—,—,—,—,—,—,—,—,—,—,—
BABA,Div Payout,—,—,—,—,—,—,—,—,—,—,—
BABA,Shares,"2,742","2,668","2,624","2,610","2,573","2,562","2,500","2,332","2,389","2,332","5,079"
BABA,BVPS,52.83,38.96,26.43,21.61,15.13,13.44,8.85,—,—,—,—
BABA,OCF,"209,767","180,607","150,975","125,171","80,326","56,836","41,217","26,379","14,476","9,275","2,182"
BABA,NP Margin,24.67,29.28,23.25,25.57,27.59,70.65,31.69,43.95,24.35,21.11,26.69
BABA,ROE,18.91,23.93,20.42,19.85,17.62,39.43,27.63,157.44,53.42,13.43,26.01
BABA,Revenue GR,36.93,35.26,50.58,58.12,56.48,32.73,45.14,52.11,72.37,9503.33,15.46
BABA,Revenue GR 3Y avg,—,47.67,55.03,48.64,44.46,43.10,56.12,154.59,125.23,107.55,28.83
BABA,Revenue GR 5Y avg,—,46.24,48.32,48.62,51.21,91.27,85.18,84.66,77.67,68.78,36.30
BABA,Revenue GR 10Y avg,—,62.95,64.01,61.30,59.02,59.25,—,—,—,—,—
BABA,NP GR,—,50.69,7.14,38.24,23.27,103.08,79.03,219.25,118.58,88.74,12.43
BABA,NP GR 3Y avg,—,43.85,30.39,49.68,59.52,140.48,93.45,109.18,58.50,41.45,50.76
BABA,NP GR 5Y avg,—,64.78,61.99,53.65,50.93,86.81,—,—,—,—,—
BABA,NP GR 10Y avg,0.0,0.0,0.0,0.0,0.0,0.0,0.0,0.0,0.0,0.0,0.0
BABA,EPS GR,47.95,67.53,36.19,44.43,-39.15,187.53,-3.00,180.11,96.91,—,16.55
BABA,EPS GR 3Y avg,—,48.81,6.17,36.20,19.28,98.42,74.90,350.83,205.29,166.82,12.34
BABA,EPS GR 5Y avg,—,41.96,27.26,47.01,56.41,182.31,128.42,151.26,89.06,68.12,49.28
BABA,EPS GR 10Y avg,—,76.57,73.92,64.99,61.66,100.03,—,—,—,—,—
BABA,OCF GR,—,19.63,20.62,55.83,41.33,37.89,56.25,82.23,56.08,—,—
BABA,D/E,0.11,0.18,0.23,0.33,0.28,0.25,0.35,1.05,—,—,—
BABA,Price,238.69,194.48,182.45,183.54,107.83,79.03,0.0,0.0,0.0,0.0,0.0
BABA,P/E,27.82,24.34,37.08,49.34,43.31,17.92,0.0,0.0,0.0,0.0,0.0
BAC,Year End,TTM,2020-12,2019-12,2018-12,2017-12,2016-12,2015-12,2014-12,2013-12,2012-12,2011-12
BAC,Revenue,"86,266","86,266","91,244","91,247","87,352","83,701","82,246","83,117","86,070","83,103","86,094"
BAC,NP,"17,894","17,894","27,430","28,147","18,232","17,906","15,888","4,833","11,431","4,188","1,446"
BAC,EPS,1.87,1.87,2.75,2.61,1.56,1.49,1.31,0.42,0.90,0.25,0.01
BAC,DPS,0.72,0.72,0.66,0.54,0.39,0.25,0.20,0.12,0.04,0.04,0.04
BAC,Div Payout,30.9,35.6,23.3,24.2,19.7,16.3,14.8,21.1,6.2,16.0,—
BAC,Shares,"8,796","8,796","9,442","10,236","10,778","11,046","11,236","10,585","11,491","10,841","10,255"
BAC,BVPS,29.07,28.37,27.70,24.80,24.32,24.36,22.51,20.99,20.67,20.24,20.01
BAC,OCF,"37,993","37,993","61,777","39,520","10,403","18,306","27,730","26,739","92,817","-13,858","64,490"
BAC,NP Margin,19.10,19.10,28.49,29.26,19.02,19.38,17.51,4.56,11.71,3.32,0.10
BAC,ROE,6.73,6.73,10.73,10.95,6.83,6.82,6.29,1.71,4.61,1.28,0.04
BAC,Revenue GR,-7.44,-5.46,—,4.46,4.36,1.77,-1.05,-3.43,3.57,-3.47,-17.97
BAC,Revenue GR 3Y avg,—,-0.42,2.92,3.52,1.67,-0.93,-0.34,-1.17,-6.40,-8.82,3.63
BAC,Revenue GR 5Y avg,—,0.96,1.88,1.18,1.00,-0.56,-4.76,-5.39,2.16,6.43,4.41
BAC,Revenue GR 10Y avg,—,-1.94,-1.82,1.67,3.68,1.89,3.70,5.00,8.29,8.99,9.38
BAC,NP GR,—,-0.62,15.28,21.00,55.67,16.14,55.96,49.51,—,-12.61,-28.81
BAC,NP GR 3Y avg,—,2.41,41.51,19.75,34.20,65.41,—,-5.09,23.32,-22.50,-41.52
BAC,NP GR 5Y avg,—,—,15.89,21.52,1.98,-1.64,-0.36,-10.18,0.56,-7.62,-14.33
BAC,NP GR 10Y avg,0.0,0.0,0.0,0.0,0.0,0.0,0.0,0.0,0.0,0.0,0.0
BAC,EPS GR,-20.27,-32.00,5.36,67.31,4.00,14.50,263.89,-60.00,260.00,—,—
BAC,EPS GR 3Y avg,—,6.23,22.39,25.83,63.03,18.56,73.69,230.19,—,—,-73.70
BAC,EPS GR 5Y avg,—,7.38,50.18,23.73,44.22,172.41,—,—,10.35,-40.31,-70.65
BAC,EPS GR 10Y avg,—,—,—,16.85,-7.22,-10.58,-10.65,-20.76,-12.86,-21.88,-41.39
BAC,OCF GR,—,-38.50,56.32,279.89,-43.17,-33.98,3.71,-71.19,—,—,-21.92
BAC,D/E,1.06,1.06,1.00,0.94,0.93,0.90,1.01,1.08,1.14,1.26,1.76
BAC,Price,39.15,30.16,34.13,23.35,27.46,20.24,15.18,15.94,13.78,10.24,4.88
BAC,P/E,20.94,16.13,12.46,8.95,17.72,14.67,11.08,41.96,13.64,40.97,0.0
BK,Year End,TTM,2020-12,2019-12,2018-12,2017-12,2016-12,2015-12,2014-12,2013-12,2012-12,2011-12
BK,Revenue,"15,506","15,506","16,170","16,040","15,401","14,832","14,813","15,264","14,556","14,134","14,302"
BK,NP,"3,617","3,617","4,441","4,266","4,090","3,547","3,158","2,567","2,111","2,445","2,516"
BK,EPS,3.83,3.83,4.51,4.04,3.72,3.15,2.71,2.15,1.73,1.73,2.03
BK,DPS,1.24,1.24,1.18,1.04,0.86,0.72,0.68,0.66,0.58,0.52,0.48
BK,Div Payout,33.1,27.3,29.9,23.3,23.8,23.6,35.7,26.5,30.8,25.6,20.4
BK,Shares,893,893,943,"1,007","1,040","1,072","1,113","1,137","1,154","1,178","1,223"
BK,BVPS,47.05,45.54,41.72,39.58,36.49,34.51,32.82,32.99,30.99,30.39,27.85
BK,OCF,"5,038","5,038",96,"5,996","4,641","6,246","4,127","4,484",-642,"1,629","2,211"
BK,NP Margin,22.04,22.04,26.31,25.37,25.14,22.74,19.45,16.06,13.80,16.96,17.34
BK,ROE,8.63,8.63,11.34,10.88,10.61,9.53,8.07,6.82,5.63,6.97,7.54
BK,Revenue GR,-19.63,-4.11,0.81,4.15,3.84,0.13,-2.95,4.86,2.99,-1.17,5.96
BK,Revenue GR 3Y avg,—,0.23,2.92,2.69,0.30,0.63,1.58,2.19,2.55,25.06,2.97
BK,Revenue GR 5Y avg,—,0.92,1.16,1.96,1.73,0.73,1.88,16.13,2.13,5.13,15.96
BK,Revenue GR 10Y avg,—,1.40,8.39,2.04,3.42,8.08,7.99,9.19,9.99,11.39,10.60
BK,NP GR,—,-4.01,7.78,10.54,16.80,18.88,8.90,0.67,-5.71,—,21.03
BK,NP GR 3Y avg,—,2.75,11.59,15.11,10.84,7.11,4.63,—,8.27,3.70,-3.53
BK,NP GR 5Y avg,—,3.69,—,11.64,7.21,1.65,7.23,5.95,6.20,10.49,6.48
BK,NP GR 10Y avg,0.0,0.0,0.0,0.0,0.0,0.0,0.0,0.0,0.0,0.0,0.0
BK,EPS GR,-48.03,-15.08,11.63,8.60,18.10,16.24,55.75,—,-14.29,—,-0.98
BK,EPS GR 3Y avg,—,0.98,12.71,14.24,28.82,21.88,10.11,-5.01,-5.32,—,19.15
BK,EPS GR 5Y avg,—,7.16,20.98,18.35,12.88,9.19,5.74,—,7.71,-1.42,-12.38
BK,EPS GR 10Y avg,—,6.45,—,12.91,5.49,-2.19,2.93,-0.61,1.36,5.05,1.15
BK,OCF GR,—,—,-98.40,29.20,-25.70,51.34,-7.96,—,—,-26.32,-45.41
BK,D/E,0.69,0.69,0.77,0.82,0.77,0.71,0.62,0.58,0.60,0.57,0.63
BK,Price,46.07,42.11,48.35,44.14,49.52,42.81,36.57,35.41,29.93,21.59,16.34
BK,P/E,12.03,11.0,10.65,10.95,13.28,13.55,13.5,13.21,17.1,10.53,8.01
BNTX,Year End,TTM,2020-12,2019-12,2018-12,2017-12,2016-12,2015-12,2014-12,2013-12,2012-12,2011-12
BNTX,Revenue,482,482,109,128,62,—,—,—,—,—,—
BNTX,NP,15,15,-179,-48,-86,—,—,—,—,—,—
BNTX,EPS,0.06,0.06,-0.85,-0.21,-0.38,—,—,—,—,—,—
BNTX,DPS,—,—,—,—,—,—,—,—,—,—,—
BNTX,Div Payout,—,—,—,—,—,—,—,—,—,—,—
BNTX,Shares,249,249,211,226,226,—,—,—,—,—,—
BNTX,BVPS,6.81,4.72,2.06,—,—,—,—,—,—,—,—
BNTX,OCF,-13,-13,-199,-58,-53,—,—,—,—,—,—
BNTX,NP Margin,-248.64,—,-164.89,-37.64,-139.05,—,—,—,—,—,—
BNTX,ROE,-61.00,—,-47.14,-44.29,—,—,—,—,—,—,—
BNTX,Revenue GR,1134.25,—,-14.88,107.11,—,—,—,—,—,—,—
BNTX,Revenue GR 3Y avg,—,—,—,—,—,—,—,—,—,—,—
BNTX,Revenue GR 5Y avg,—,—,—,—,—,—,—,—,—,—,—
BNTX,Revenue GR 10Y avg,—,—,—,—,—,—,—,—,—,—,—
BNTX,NP GR,—,—,—,—,—,—,—,—,—,—,—
BNTX,NP GR 3Y avg,—,—,—,—,—,—,—,—,—,—,—
BNTX,NP GR 5Y avg,—,—,—,—,—,—,—,—,—,—,—
BNTX,NP GR 10Y avg,0.0,0.0,0.0,0.0,0.0,0.0,0.0,0.0,0.0,0.0,0.0
BNTX,EPS GR,-711.52,—,—,—,—,—,—,—,—,—,—
BNTX,EPS GR 3Y avg,—,—,—,—,—,—,—,—,—,—,—
BNTX,EPS GR 5Y avg,—,—,—,—,—,—,—,—,—,—,—
BNTX,EPS GR 10Y avg,—,—,—,—,—,—,—,—,—,—,—
BNTX,OCF GR,—,—,—,—,—,—,—,—,—,—,—
BNTX,D/E,0.19,—,0.14,0.20,—,—,—,—,—,—,—
BNTX,Price,151.54,81.52,0.0,0.0,0.0,0.0,0.0,0.0,0.0,0.0,0.0
BNTX,P/E,0.0,0.0,0.0,0.0,0.0,0.0,0.0,0.0,0.0,0.0,0.0
BRK.B,Year End,TTM,2020-12,2019-12,2018-12,2017-12,2016-12,2015-12,2014-12,2013-12,2012-12,2011-12
BRK.B,Revenue,"286,256","286,256","327,223","225,382","242,137","223,604","210,821","194,673","182,150","162,463","143,688"
BRK.B,NP,"42,521","42,521","81,417","4,021","44,940","24,074","24,083","19,872","19,476","14,824","10,254"
BRK.B,EPS,17.78,17.78,33.22,1.63,18.22,9.76,9.77,8.06,7.90,5.98,4.14
BRK.B,DPS,—,—,—,—,—,—,—,—,—,—,—
BRK.B,Div Payout,—,—,—,—,—,—,—,—,—,—,—
BRK.B,Shares,"2,392","2,392","2,451","2,466","2,467","2,466","2,465","2,465","2,465","2,477","2,475"
BRK.B,BVPS,193.13,179.26,163.13,152.60,124.95,109.17,100.72,96.36,84.50,76.14,64.60
BRK.B,OCF,"39,773","39,773","38,687","37,400","45,776","32,535","31,491","32,010","27,704","20,950","20,476"
BRK.B,NP Margin,14.85,14.85,24.88,1.78,18.56,10.77,11.42,10.21,10.69,9.12,7.14
BRK.B,ROE,9.80,9.80,21.05,1.15,14.24,8.94,9.72,8.60,9.51,8.41,6.37
BRK.B,Revenue GR,7.30,-12.52,45.19,-6.92,8.29,6.06,8.29,6.88,12.12,13.07,5.51
BRK.B,Revenue GR 3Y avg,—,5.74,13.53,2.25,7.54,7.07,9.07,10.65,10.18,13.03,10.06
BRK.B,Revenue GR 5Y avg,—,6.31,10.95,4.35,8.31,9.25,9.13,11.59,11.06,6.56,7.84
BRK.B,Revenue GR 10Y avg,—,7.71,11.27,7.66,7.43,8.54,9.95,10.10,11.05,14.39,14.38
BRK.B,NP GR,—,-1.83,50.10,-44.94,31.26,7.32,17.56,24.68,14.52,22.55,27.10
BRK.B,NP GR 3Y avg,—,12.04,32.59,-27.06,24.83,18.61,13.18,19.79,31.28,2.33,-1.42
BRK.B,NP GR 5Y avg,—,12.61,26.03,-2.14,13.02,8.13,10.94,10.52,9.10,13.21,29.14
BRK.B,NP GR 10Y avg,0.0,0.0,0.0,0.0,0.0,0.0,0.0,0.0,0.0,0.0,0.0
BRK.B,EPS GR,25.86,-46.48,—,-91.05,86.59,-0.08,21.20,2.04,32.00,44.44,-21.61
BRK.B,EPS GR 3Y avg,—,-0.81,50.40,-44.94,31.23,7.31,17.75,24.84,14.34,20.02,24.46
BRK.B,EPS GR 5Y avg,—,12.72,32.74,-27.06,24.94,18.70,13.08,18.42,29.74,0.98,-2.75
BRK.B,EPS GR 10Y avg,—,12.90,25.37,-2.72,12.32,7.44,10.22,9.79,8.36,12.38,28.13
BRK.B,OCF GR,—,2.81,3.44,-18.30,40.70,3.32,-1.62,15.54,32.24,2.31,14.42
BRK.B,D/E,0.26,0.26,0.23,0.27,0.28,0.35,0.32,0.33,0.32,0.33,0.37
BRK.B,Price,272.11,231.87,226.5,204.18,198.22,162.98,132.04,150.15,118.56,89.7,76.3
BRK.B,P/E,14.76,12.57,6.81,126.04,10.88,16.68,13.51,18.63,15.03,15.0,18.43
BYND,Year End,TTM,2020-12,2019-12,2018-12,2017-12,2016-12,2015-12,2014-12,2013-12,2012-12,2011-12
BYND,Revenue,407,407,298,88,33,16,—,—,—,—,—
BYND,NP,-53,-53,-12,-30,-30,-25,—,—,—,—,—
BYND,EPS,-0.85,-0.85,-0.29,-0.64,-0.66,-0.54,—,—,—,—,—
BYND,DPS,—,—,—,—,—,—,—,—,—,—,—
BYND,Div Payout,—,—,—,—,—,—,—,—,—,—,—
BYND,Shares,62,62,42,46,46,46,—,—,—,—,—
BYND,BVPS,5.83,6.04,6.12,—,—,—,—,—,—,—,—
BYND,OCF,-40,-40,-47,-38,-25,-23,—,—,—,—,—
BYND,NP Margin,-12.97,-12.97,-4.18,-33.99,-93.26,-155.41,—,—,—,—,—
BYND,ROE,-14.05,-14.05,-5.37,—,—,—,—,—,—,—,—
BYND,Revenue GR,3.51,36.55,238.77,169.89,101.34,—,—,—,—,—,—
BYND,Revenue GR 3Y avg,—,131.99,164.05,—,—,—,—,—,—,—,—
BYND,Revenue GR 5Y avg,—,—,—,—,—,—,—,—,—,—,—
BYND,Revenue GR 10Y avg,—,—,—,—,—,—,—,—,—,—,—
BYND,NP GR,—,—,—,—,—,—,—,—,—,—,—
BYND,NP GR 3Y avg,—,—,—,—,—,—,—,—,—,—,—
BYND,NP GR 5Y avg,—,—,—,—,—,—,—,—,—,—,—
BYND,NP GR 10Y avg,0.0,0.0,0.0,0.0,0.0,0.0,0.0,0.0,0.0,0.0,0.0
BYND,EPS GR,—,—,—,—,—,—,—,—,—,—,—
BYND,EPS GR 3Y avg,—,—,—,—,—,—,—,—,—,—,—
BYND,EPS GR 5Y avg,—,—,—,—,—,—,—,—,—,—,—
BYND,EPS GR 10Y avg,—,—,—,—,—,—,—,—,—,—,—
BYND,OCF GR,—,—,—,—,—,—,—,—,—,—,—
BYND,D/E,0.03,0.03,0.05,0.39,—,—,—,—,—,—,—
BYND,Price,137.31,125.0,0.0,0.0,0.0,0.0,0.0,0.0,0.0,0.0,0.0
BYND,P/E,0.0,0.0,0.0,0.0,0.0,0.0,0.0,0.0,0.0,0.0,0.0
CRM,Year End,TTM,2021-01,2020-01,2019-01,2018-01,2017-01,2016-01,2015-01,2014-01,2013-01,2012-01
CRM,Revenue,"21,252","21,252","17,098","13,282","10,480","8,392","6,667","5,374","4,071","3,050","2,267"
CRM,NP,"4,072","4,072",126,"1,110",127,180,-47,-263,-232,-270,-12
CRM,EPS,4.38,4.38,0.15,1.43,0.49,0.46,-0.07,-0.42,-0.39,-0.48,-0.02
CRM,DPS,—,—,—,—,—,—,—,—,—,—,—
CRM,Div Payout,—,—,—,—,—,—,—,—,—,—,—
CRM,Shares,930,930,850,775,735,700,662,624,598,565,541
CRM,BVPS,45.05,43.86,37.27,19.08,12.11,9.62,7.08,5.83,4.83,3.56,3.04
CRM,OCF,"4,801","4,801","4,331","3,398","2,738","2,162","1,613","1,174",875,737,592
CRM,NP Margin,19.16,19.16,0.74,8.36,1.22,2.14,-0.71,-4.89,-5.70,-8.87,-0.51
CRM,ROE,10.80,10.80,0.51,8.88,1.51,2.87,-1.06,-7.46,-8.54,-13.40,-0.79
CRM,Revenue GR,19.91,24.30,28.73,26.74,24.88,25.87,24.07,32.00,33.47,34.58,36.77
CRM,Revenue GR 3Y avg,—,26.57,26.77,25.83,24.94,27.27,29.78,33.34,34.93,32.69,28.16
CRM,Revenue GR 5Y avg,—,26.09,26.05,26.68,28.00,29.93,32.10,32.71,30.47,32.44,35.45
CRM,Revenue GR 10Y avg,—,29.06,29.33,28.56,30.20,32.66,35.92,40.73,45.46,50.55,58.67
CRM,NP GR,—,217.29,-11.15,—,—,—,—,—,—,—,—
CRM,NP GR 3Y avg,—,—,—,—,—,—,—,—,—,—,—
CRM,NP GR 5Y avg,—,51.37,4.55,38.28,21.39,80.81,—,—,—,—,—
CRM,NP GR 10Y avg,0.0,0.0,0.0,0.0,0.0,0.0,0.0,0.0,0.0,0.0,0.0
CRM,EPS GR,-200.00,—,-89.51,741.18,-34.62,—,—,—,—,—,—
CRM,EPS GR 3Y avg,—,195.35,-16.75,—,—,—,—,—,—,—,—
CRM,EPS GR 5Y avg,—,—,—,—,—,—,—,—,—,—,—
CRM,EPS GR 10Y avg,—,43.60,-0.49,32.23,16.32,—,—,—,—,—,—
CRM,OCF GR,—,10.85,27.46,24.11,26.63,34.08,37.39,34.07,18.80,24.58,28.85
CRM,D/E,0.13,0.13,0.15,0.20,0.15,0.36,0.40,0.55,0.63,0.05,0.03
CRM,Price,231.91,225.56,182.31,151.97,113.91,79.1,68.06,56.45,60.53,43.03,29.2
CRM,P/E,52.83,51.38,911.55,105.53,670.06,292.96,0.0,0.0,0.0,0.0,0.0
CSIQ,Year End,TTM,2019-12,2018-12,2017-12,2016-12,2015-12,2014-12,2013-12,2012-12,2011-12,2010-12
CSIQ,Revenue,"3,356","3,201","3,745","3,390","2,853","3,468","2,961","1,654","1,295","1,899","1,496"
CSIQ,NP,208,172,237,100,65,172,240,32,-195,-91,51
CSIQ,EPS,3.43,2.83,3.88,1.69,1.12,2.93,4.11,0.63,-4.53,-2.11,1.16
CSIQ,DPS,—,—,—,—,—,—,—,—,—,—,—
CSIQ,Div Payout,—,—,—,—,—,—,—,—,—,—,—
CSIQ,Shares,61,61,62,62,58,60,59,50,43,43,44
CSIQ,BVPS,26.60,22.35,19.61,16.51,15.99,13.99,11.78,5.44,6.73,11.98,—
CSIQ,OCF,600,600,216,204,-278,414,265,230,-148,60,-58
CSIQ,NP Margin,6.19,5.36,6.33,2.94,2.29,4.96,8.09,1.91,-15.10,-4.78,3.38
CSIQ,ROE,14.70,13.11,21.00,10.39,7.66,22.38,43.26,9.29,-51.65,-18.16,10.11
CSIQ,Revenue GR,20.33,-14.53,10.44,18.83,-17.72,17.12,78.96,27.77,-31.81,26.98,—
CSIQ,Revenue GR 3Y avg,—,3.91,2.59,4.62,19.92,38.87,15.96,3.42,27.08,39.14,—
CSIQ,Revenue GR 5Y avg,—,1.57,17.75,21.23,8.48,18.32,36.23,18.60,33.72,94.50,—
CSIQ,Revenue GR 10Y avg,—,17.63,18.17,27.32,45.26,68.93,77.23,82.16,78.06,—,—
CSIQ,NP GR,—,38.03,11.32,-25.36,27.26,—,—,-14.45,—,—,—
CSIQ,NP GR 3Y avg,—,-6.45,49.58,—,—,27.72,60.27,—,—,—,—
CSIQ,NP GR 5Y avg,—,22.45,—,—,—,46.38,66.57,45.18,—,—,—
CSIQ,NP GR 10Y avg,0.0,0.0,0.0,0.0,0.0,0.0,0.0,0.0,0.0,0.0,0.0
CSIQ,EPS GR,-84.38,-27.06,129.59,50.89,-61.77,-28.71,552.38,—,—,—,—
CSIQ,EPS GR 3Y avg,—,36.20,9.81,-25.64,21.14,—,—,-18.41,—,—,—
CSIQ,EPS GR 5Y avg,—,-7.19,43.85,—,—,20.36,46.94,—,—,—,—
CSIQ,EPS GR 10Y avg,—,16.78,—,—,—,27.91,46.54,28.84,—,—,—
CSIQ,OCF GR,—,177.47,6.06,—,—,56.04,15.49,—,—,—,—
CSIQ,D/E,0.57,0.46,0.32,0.51,0.70,0.92,0.40,0.39,0.74,0.19,0.13
CSIQ,Price,44.11,22.1,14.34,16.86,12.18,28.96,29.82,3.4,2.66,12.39,0.0
CSIQ,P/E,18.08,7.81,3.7,10.34,10.97,9.88,53.25,0.0,0.0,10.77,0.0
CVAC,Year End,TTM,2019-12,2018-12,2017-12,2016-12,2015-12,2014-12,2013-12,2012-12,2011-12,2010-12
CVAC,Revenue,50,17,13,—,—,—,—,—,—,—,—
CVAC,NP,-107,-100,-71,—,—,—,—,—,—,—,—
CVAC,EPS,-0.59,-0.56,-0.40,—,—,—,—,—,—,—,—
CVAC,DPS,—,—,—,—,—,—,—,—,—,—,—
CVAC,Div Payout,—,—,—,—,—,—,—,—,—,—,—
CVAC,Shares,180,176,176,—,—,—,—,—,—,—,—
CVAC,BVPS,4.88,—,—,—,—,—,—,—,—,—,—
CVAC,OCF,-67,-87,-74,—,—,—,—,—,—,—,—
CVAC,NP Margin,-215.46,-573.46,-553.50,—,—,—,—,—,—,—,—
CVAC,ROE,-14.05,—,-222.05,—,—,—,—,—,—,—,—
CVAC,Revenue GR,63.56,35.31,—,—,—,—,—,—,—,—,—
CVAC,Revenue GR 3Y avg,—,—,—,—,—,—,—,—,—,—,—
CVAC,Revenue GR 5Y avg,—,—,—,—,—,—,—,—,—,—,—
CVAC,Revenue GR 10Y avg,—,—,—,—,—,—,—,—,—,—,—
CVAC,NP GR,—,—,—,—,—,—,—,—,—,—,—
CVAC,NP GR 3Y avg,—,—,—,—,—,—,—,—,—,—,—
CVAC,NP GR 5Y avg,—,—,—,—,—,—,—,—,—,—,—
CVAC,NP GR 10Y avg,0.0,0.0,0.0,0.0,0.0,0.0,0.0,0.0,0.0,0.0,0.0
CVAC,EPS GR,68.65,—,—,—,—,—,—,—,—,—,—
CVAC,EPS GR 3Y avg,—,—,—,—,—,—,—,—,—,—,—
CVAC,EPS GR 5Y avg,—,—,—,—,—,—,—,—,—,—,—
CVAC,EPS GR 10Y avg,—,—,—,—,—,—,—,—,—,—,—
CVAC,OCF GR,—,—,—,—,—,—,—,—,—,—,—
CVAC,D/E,0.04,—,—,—,—,—,—,—,—,—,—
CVAC,Price,109.29,0.0,0.0,0.0,0.0,0.0,0.0,0.0,0.0,0.0,0.0
DIS,Year End,TTM,2020-09,2019-09,2018-09,2017-09,2016-09,2015-09,2014-09,2013-09,2012-09,2011-09
DIS,Revenue,"60,760","65,388","69,570","59,434","55,137","55,632","52,465","48,813","45,041","42,278","40,893"
DIS,NP,"-4,954","-2,864","11,054","12,598","8,980","9,391","8,382","7,501","6,136","5,682","4,807"
DIS,EPS,-2.74,-1.58,6.64,8.36,5.69,5.73,4.90,4.26,3.38,3.13,2.52
DIS,DPS,—,0.88,1.76,1.68,1.56,1.42,1.81,0.86,0.75,0.60,0.40
DIS,Div Payout,—,—,23.4,21.1,27.6,25.4,37.6,20.6,22.7,19.8,15.9
DIS,Shares,"1,810","1,808","1,666","1,507","1,578","1,639","1,709","1,759","1,813","1,818","1,909"
DIS,BVPS,46.31,47.52,50.80,30.73,28.35,27.50,27.56,26.78,24.19,22.23,20.14
DIS,OCF,"6,091","7,618","6,606","14,295","12,343","13,213","10,909","9,780","9,452","7,966","6,994"
DIS,NP Margin,-8.15,-4.38,15.89,21.20,16.29,16.88,15.98,15.37,13.62,13.44,11.76
DIS,ROE,-5.70,-3.32,16.06,27.97,21.23,21.39,18.73,16.60,14.41,14.73,12.84
DIS,Revenue GR,-22.10,-6.01,17.05,7.79,-0.89,6.04,7.48,8.37,6.54,3.39,7.44
DIS,Revenue GR 3Y avg,—,5.85,7.74,4.25,4.14,7.29,7.46,6.08,5.77,5.36,2.62
DIS,Revenue GR 5Y avg,—,4.50,7.34,5.70,5.45,6.35,6.63,6.19,3.54,3.55,3.59
DIS,Revenue GR 10Y avg,—,5.56,6.77,4.62,4.50,4.96,5.09,4.73,5.23,5.26,4.93
DIS,NP GR,—,—,5.59,14.55,6.18,15.24,13.84,15.99,15.69,19.77,2.78
DIS,NP GR 3Y avg,—,—,8.06,15.47,9.59,14.33,16.16,17.80,6.75,3.93,7.34
DIS,NP GR 5Y avg,—,—,12.83,11.02,6.72,10.78,12.71,12.33,17.09,16.48,—
DIS,NP GR 10Y avg,0.0,0.0,0.0,0.0,0.0,0.0,0.0,0.0,0.0,0.0,0.0
DIS,EPS GR,-99.14,—,-20.57,46.92,-0.70,16.94,15.02,26.04,7.99,24.21,24.14
DIS,EPS GR 3Y avg,—,—,5.04,19.49,10.13,19.24,16.11,19.13,18.52,21.16,3.39
DIS,EPS GR 5Y avg,—,—,9.28,19.86,12.70,17.86,19.27,19.34,8.19,6.82,8.97
DIS,EPS GR 10Y avg,—,—,14.20,13.87,9.72,13.33,14.92,14.29,18.48,17.96,—
DIS,OCF GR,—,15.32,-53.79,15.81,-6.58,21.12,11.54,3.47,18.65,13.90,6.32
DIS,D/E,0.63,0.63,0.42,0.35,0.46,0.38,0.29,0.28,0.29,0.28,0.30
DIS,Price,187.26,124.08,129.54,114.63,95.09,88.24,95.81,81.96,58.64,46.82,26.56
DIS,P/E,0.0,0.0,18.61,13.71,16.71,15.43,19.55,19.28,17.35,15.01,10.54
EA,Year End,TTM,2020-03,2019-03,2018-03,2017-03,2016-03,2015-03,2014-03,2013-03,2012-03,2011-03
EA,Revenue,"5,670","5,537","4,950","5,150","4,845","4,396","4,515","3,575","3,797","4,143","3,589"
EA,NP,"1,179","3,039","1,019","1,043",967,"1,156",875,8,98,76,-276
EA,EPS,4.06,10.30,3.33,3.34,3.08,3.50,2.69,0.03,0.31,0.23,-0.84
EA,DPS,0.17,—,—,—,—,—,—,—,—,—,—
EA,Div Payout,4.2,—,—,—,—,—,—,—,—,—,—
EA,Shares,292,295,306,312,314,330,325,316,313,336,330
EA,BVPS,27.69,25.13,17.93,13.35,11.52,10.01,8.67,6.44,6.48,7.08,—
EA,OCF,"2,061","1,797","1,547","1,692","1,383","1,223","1,067",712,324,277,320
EA,NP Margin,20.79,54.89,20.59,20.25,19.96,26.30,19.38,0.22,2.58,1.83,-7.69
EA,ROE,15.51,47.51,20.53,24.10,25.94,35.95,32.06,0.34,4.15,3.03,-10.43
EA,Revenue GR,5.02,11.86,-3.88,6.30,10.21,-2.64,26.29,-5.85,-8.35,15.44,—
EA,Revenue GR 3Y avg,—,4.55,4.04,4.48,10.66,5.00,2.91,-0.13,1.29,-0.55,—
EA,Revenue GR 5Y avg,—,4.17,6.72,6.29,3.18,4.14,4.32,-3.23,0.71,6.03,—
EA,Revenue GR 10Y avg,—,4.24,1.63,3.46,4.60,4.07,3.74,1.92,4.34,9.16,—
EA,NP GR,—,46.48,-4.12,6.03,394.44,127.64,125.80,—,—,—,—
EA,NP GR 3Y avg,—,28.28,163.64,60.48,66.31,—,—,—,—,—,—
EA,NP GR 5Y avg,—,—,—,—,28.96,17.22,5.67,-34.81,-11.08,-2.85,—
EA,NP GR 10Y avg,0.0,0.0,0.0,0.0,0.0,0.0,0.0,0.0,0.0,0.0,0.0
EA,EPS GR,-38.98,209.31,-0.30,8.44,-12.00,30.11,—,-90.32,34.78,—,—
EA,EPS GR 3Y avg,—,49.54,-1.65,7.48,368.25,124.34,126.99,—,—,—,—
EA,EPS GR 5Y avg,—,30.80,156.49,60.87,68.02,—,—,—,—,-0.85,—
EA,EPS GR 10Y avg,—,—,—,—,29.07,16.65,5.40,-33.85,-11.77,-4.25,—
EA,OCF GR,—,16.16,-8.57,22.34,13.08,14.62,49.86,119.75,16.97,-13.44,—
EA,D/E,0.05,0.05,0.19,0.22,0.24,0.29,—,0.24,0.25,0.22,—
EA,Price,141.05,99.91,101.37,120.93,89.29,65.94,58.66,28.94,17.65,16.44,19.48
EA,P/E,35.0,9.75,30.44,36.21,28.99,18.73,21.89,0.0,55.17,78.3,0.0
ENPH,Year End,TTM,2020-12,2019-12,2018-12,2017-12,2016-12,2015-12,2014-12,2013-12,2012-12,2011-12
ENPH,Revenue,774,774,624,316,286,323,357,344,233,217,150
ENPH,NP,134,134,161,-12,-45,-67,-22,-8,-26,-38,-32
ENPH,EPS,0.95,0.95,1.23,-0.12,-0.54,-1.34,-0.49,-0.19,-0.62,-1.24,-0.82
ENPH,DPS,—,—,—,—,—,—,—,—,—,—,—
ENPH,Div Payout,—,—,—,—,—,—,—,—,—,—,—
ENPH,Shares,142,142,132,100,83,51,45,43,42,31,39
ENPH,BVPS,3.57,3.23,1.24,0.04,-0.09,0.16,1.16,0.97,0.96,1.39,—
ENPH,OCF,216,216,139,16,-28,-33,-21,24,-1,-45,—
ENPH,NP Margin,17.30,17.30,25.81,-3.68,-15.79,-20.91,-6.18,-2.34,-11.13,-17.64,-21.60
ENPH,ROE,35.44,35.44,115.11,—,—,-315.62,-49.96,-18.48,-53.51,-85.17,—
ENPH,Revenue GR,26.09,24.04,97.47,10.48,-11.29,-9.70,3.88,47.70,7.46,44.91,142.49
ENPH,Revenue GR 3Y avg,—,39.35,24.62,-3.99,-5.94,11.48,18.14,32.00,55.72,120.56,—
ENPH,Revenue GR 5Y avg,—,16.74,12.67,6.31,5.72,16.62,42.10,76.30,—,—,—
ENPH,Revenue GR 10Y avg,—,28.79,40.94,—,—,—,—,—,—,—,—
ENPH,NP GR,—,—,—,—,—,—,—,—,—,—,—
ENPH,NP GR 3Y avg,—,—,—,—,—,—,—,—,—,—,—
ENPH,NP GR 5Y avg,—,—,—,—,—,—,—,—,—,—,—
ENPH,NP GR 10Y avg,0.0,0.0,0.0,0.0,0.0,0.0,0.0,0.0,0.0,0.0,0.0
ENPH,EPS GR,-43.18,-22.76,—,—,—,—,—,—,—,—,—
ENPH,EPS GR 3Y avg,—,—,—,—,—,—,—,—,—,—,—
ENPH,EPS GR 5Y avg,—,—,—,—,—,—,—,—,—,—,—
ENPH,EPS GR 10Y avg,—,—,—,—,—,—,—,—,—,—,—
ENPH,OCF GR,—,55.56,762.06,—,—,—,—,—,—,—,—
ENPH,D/E,0.01,0.01,0.38,10.50,—,15.98,—,—,0.13,0.15,0.31
ENPH,Price,150.01,175.47,26.13,4.73,2.41,1.01,3.51,14.29,6.34,3.65,0.0
ENPH,P/E,166.68,194.97,21.6,0.0,0.0,0.0,0.0,0.0,0.0,0.0,0.0
ETSY,Year End,TTM,2020-12,2019-12,2018-12,2017-12,2016-12,2015-12,2014-12,2013-12,2012-12,2011-12
ETSY,Revenue,"1,726","1,726",818,604,441,365,273,196,125,75,—
ETSY,NP,349,349,96,77,81,-30,-54,-15,-1,-2,—
ETSY,EPS,2.69,2.69,0.76,0.61,0.68,-0.26,-0.59,-0.14,-0.01,-0.03,—
ETSY,DPS,—,—,—,—,—,—,—,—,—,—,—
ETSY,Div Payout,—,—,—,—,—,—,—,—,—,—,—
ETSY,Shares,136,136,126,127,122,114,91,111,94,94,—
ETSY,BVPS,5.89,5.30,3.29,3.29,2.86,2.97,2.87,—,—,—,—
ETSY,OCF,679,679,207,199,67,47,29,12,17,10,—
ETSY,NP Margin,21.28,21.28,11.72,12.83,18.52,-8.19,-19.77,-7.54,-0.64,-3.20,—
ETSY,ROE,63.90,63.90,23.75,19.42,22.04,-8.86,-22.54,-19.25,-19.89,—,—
ETSY,Revenue GR,128.65,110.86,35.56,36.82,20.90,33.44,39.83,56.45,67.59,—,—
ETSY,Revenue GR 3Y avg,—,57.55,30.89,30.20,31.15,42.92,54.19,—,—,—,—
ETSY,Revenue GR 5Y avg,—,44.54,33.14,37.01,42.69,—,—,—,—,—,—
ETSY,Revenue GR 10Y avg,—,—,—,—,—,—,—,—,—,—,—
ETSY,NP GR,—,62.23,—,—,—,—,—,—,—,—,—
ETSY,NP GR 3Y avg,—,—,—,—,—,—,—,—,—,—,—
ETSY,NP GR 5Y avg,—,—,—,—,—,—,—,—,—,—,—
ETSY,NP GR 10Y avg,0.0,0.0,0.0,0.0,0.0,0.0,0.0,0.0,0.0,0.0,0.0
ETSY,EPS GR,332.00,253.95,24.59,-10.29,—,—,—,—,—,—,—
ETSY,EPS GR 3Y avg,—,58.15,—,—,—,—,—,—,—,—,—
ETSY,EPS GR 5Y avg,—,—,—,—,—,—,—,—,—,—,—
ETSY,EPS GR 10Y avg,—,—,—,—,—,—,—,—,—,—,—
ETSY,OCF GR,—,228.12,4.02,195.05,44.19,60.07,141.67,-26.93,70.82,—,—
ETSY,D/E,1.49,1.49,2.06,0.84,0.16,0.18,0.18,0.36,0.01,—,—
ETSY,Price,219.99,177.91,44.3,47.57,20.45,11.78,0.0,0.0,0.0,0.0,0.0
ETSY,P/E,83.65,67.65,59.07,79.28,30.52,0.0,0.0,0.0,0.0,0.0,0.0
FB,Year End,TTM,2020-12,2019-12,2018-12,2017-12,2016-12,2015-12,2014-12,2013-12,2012-12,2011-12
FB,Revenue,"85,965","85,965","70,697","55,838","40,653","27,638","17,928","12,466","7,872","5,089","3,711"
FB,NP,"29,146","29,146","18,485","22,112","15,934","10,217","3,688","2,940","1,500",53,"1,000"
FB,EPS,10.09,10.09,6.43,7.57,5.39,3.49,1.29,1.10,0.60,0.01,0.31
FB,DPS,—,—,—,—,—,—,—,—,—,—,—
FB,Div Payout,—,—,—,—,—,—,—,—,—,—,—
FB,Shares,"2,888","2,888","2,876","2,921","2,956","2,925","2,853","2,664","2,517","2,166","2,361"
FB,BVPS,45.15,41.32,32.96,28.15,24.50,18.71,14.62,7.65,5.12,4.96,—
FB,OCF,"38,747","38,747","36,314","29,274","24,216","16,108","8,599","5,457","4,222","1,612","1,549"
FB,NP Margin,33.90,33.90,26.15,39.60,39.16,36.86,20.47,23.46,18.94,0.63,18.00
FB,ROE,25.42,25.42,19.96,27.90,23.84,19.70,9.14,11.34,10.95,0.40,22.91
FB,Revenue GR,33.16,21.60,26.61,37.35,47.09,54.16,43.82,58.36,54.69,37.13,87.99
FB,Revenue GR 3Y avg,—,28.35,36.76,46.04,48.29,51.99,52.16,49.77,58.58,—,—
FB,Revenue GR 5Y avg,—,36.82,41.49,47.97,51.53,49.42,55.47,—,—,—,—
FB,Revenue GR 10Y avg,—,45.85,—,—,—,—,—,—,—,—,—
FB,NP GR,—,22.30,21.85,81.67,75.65,89.56,311.31,43.26,35.27,—,—
FB,NP GR 3Y avg,—,51.20,44.44,71.28,213.05,59.17,43.50,—,—,—,—
FB,NP GR 5Y avg,—,47.30,—,—,—,—,—,—,—,—,—
FB,NP GR 10Y avg,0.0,0.0,0.0,0.0,0.0,0.0,0.0,0.0,0.0,0.0,0.0
FB,EPS GR,51.56,56.92,-15.06,40.45,54.44,170.54,17.27,83.33,—,-97.67,152.54
FB,EPS GR 3Y avg,—,23.24,22.59,80.37,69.85,79.84,405.28,36.76,52.17,—,—
FB,EPS GR 5Y avg,—,50.89,42.35,66.03,251.82,52.01,49.93,—,—,—,—
FB,EPS GR 10Y avg,—,50.41,—,—,—,—,—,—,—,—,—
FB,OCF GR,—,6.70,24.05,20.89,50.34,87.32,57.58,29.25,161.91,4.07,121.92
FB,D/E,0.08,0.08,0.09,—,—,—,—,—,0.02,0.17,0.09
FB,Price,306.18,273.16,205.25,131.09,176.46,115.05,104.66,78.02,54.65,0.0,0.0
FB,P/E,30.31,27.05,31.87,17.32,32.74,35.29,81.77,70.93,92.63,0.0,0.0
FVRR,Year End,TTM,2020-12,2019-12,2018-12,2017-12,2016-12,2015-12,2014-12,2013-12,2012-12,2011-12
FVRR,Revenue,190,190,107,76,52,—,—,—,—,—,—
FVRR,NP,-15,-15,-34,-36,-19,—,—,—,—,—,—
FVRR,EPS,-0.46,-0.46,-1.67,-1.41,-0.75,—,—,—,—,—,—
FVRR,DPS,—,—,—,—,—,—,—,—,—,—,—
FVRR,Div Payout,—,—,—,—,—,—,—,—,—,—,—
FVRR,Shares,32,32,21,26,26,—,—,—,—,—,—
FVRR,BVPS,9.64,8.06,4.81,—,—,—,—,—,—,—,—
FVRR,OCF,17,17,-14,-52,-5,—,—,—,—,—,—
FVRR,NP Margin,-7.81,-7.81,-31.91,-47.76,-37.08,—,—,—,—,—,—
FVRR,ROE,-5.99,-5.99,-33.70,-93.58,-83.66,—,—,—,—,—,—
FVRR,Revenue GR,89.24,76.99,41.81,44.89,—,—,—,—,—,—,—
FVRR,Revenue GR 3Y avg,—,53.78,—,—,—,—,—,—,—,—,—
FVRR,Revenue GR 5Y avg,—,—,—,—,—,—,—,—,—,—,—
FVRR,Revenue GR 10Y avg,—,—,—,—,—,—,—,—,—,—,—
FVRR,NP GR,—,—,—,—,—,—,—,—,—,—,—
FVRR,NP GR 3Y avg,—,—,—,—,—,—,—,—,—,—,—
FVRR,NP GR 5Y avg,—,—,—,—,—,—,—,—,—,—,—
FVRR,NP GR 10Y avg,0.0,0.0,0.0,0.0,0.0,0.0,0.0,0.0,0.0,0.0,0.0
FVRR,EPS GR,—,—,—,—,—,—,—,—,—,—,—
FVRR,EPS GR 3Y avg,—,—,—,—,—,—,—,—,—,—,—
FVRR,EPS GR 5Y avg,—,—,—,—,—,—,—,—,—,—,—
FVRR,EPS GR 10Y avg,—,—,—,—,—,—,—,—,—,—,—
FVRR,OCF GR,—,—,—,—,—,—,—,—,—,—,—
FVRR,D/E,1.07,1.07,0.02,0.05,0.15,—,—,—,—,—,—
FVRR,Price,216.17,195.1,0.0,0.0,0.0,0.0,0.0,0.0,0.0,0.0,0.0
FVRR,P/E,0.0,0.0,0.0,0.0,0.0,0.0,0.0,0.0,0.0,0.0,0.0
FLGT,Year End,TTM,2020-12,2019-12,2018-12,2017-12,2016-12,2015-12,2014-12,2013-12,2012-12,2011-12
FLGT,Revenue,422,422,33,21,19,18,10,1,—,—,—
FLGT,NP,214,214,—,-6,-3,-5,-8,-4,—,—,—
FLGT,EPS,8.91,8.91,-0.02,-0.31,-0.14,-1.00,-0.64,-0.34,—,—,—
FLGT,DPS,—,—,—,—,—,—,—,—,—,—,—
FLGT,Div Payout,—,—,—,—,—,—,—,—,—,—,—
FLGT,Shares,24,24,19,18,18,14,13,13,—,—,—
FLGT,BVPS,19.64,6.63,2.54,2.89,3.10,0.98,—,—,—,—,—
FLGT,OCF,141,141,6,-1,1,4,-1,-4,—,—,—
FLGT,NP Margin,50.82,50.82,-1.26,-26.26,-13.40,-74.78,-75.60,-335.13,—,—,—
FLGT,ROE,65.72,65.72,-0.61,-10.65,-4.62,-200.45,—,—,—,—,—
FLGT,Revenue GR,3417.09,1196.46,52.35,13.99,2.48,90.85,649.30,—,—,—,—
FLGT,Revenue GR 3Y avg,—,182.37,21.19,30.64,144.72,—,—,—,—,—,—
FLGT,Revenue GR 5Y avg,—,113.19,91.05,—,—,—,—,—,—,—,—
FLGT,Revenue GR 10Y avg,—,—,—,—,—,—,—,—,—,—,—
FLGT,NP GR,—,—,—,—,—,—,—,—,—,—,—
FLGT,NP GR 3Y avg,—,—,—,—,—,—,—,—,—,—,—
FLGT,NP GR 5Y avg,—,—,—,—,—,—,—,—,—,—,—
FLGT,NP GR 10Y avg,0.0,0.0,0.0,0.0,0.0,0.0,0.0,0.0,0.0,0.0,0.0
FLGT,EPS GR,—,—,—,—,—,—,—,—,—,—,—
FLGT,EPS GR 3Y avg,—,—,—,—,—,—,—,—,—,—,—
FLGT,EPS GR 5Y avg,—,—,—,—,—,—,—,—,—,—,—
FLGT,EPS GR 10Y avg,—,—,—,—,—,—,—,—,—,—,—
FLGT,OCF GR,—,—,—,—,-69.78,—,—,—,—,—,—
FLGT,D/E,—,—,0.03,—,—,—,—,—,—,—,—
FLGT,Price,90.5,52.1,12.9,3.17,4.38,0.0,0.0,0.0,0.0,0.0,0.0
FLGT,P/E,11.05,6.36,0.0,0.0,0.0,0.0,0.0,0.0,0.0,0.0,0.0
GE,Year End,TTM,2020-12,2019-12,2018-12,2017-12,2016-12,2015-12,2014-12,2013-12,2012-12,2011-12
GE,Revenue,"79,619","79,619","95,215","121,616","120,468","119,687","115,158","147,811","142,937","144,796","142,237"
GE,NP,"5,704","5,704","-4,979","-22,355","-5,786","8,831","-6,126","15,233","13,057","13,641","14,151"
GE,EPS,0.58,0.58,-0.62,-2.62,-1.03,0.75,-0.62,1.50,1.27,1.29,1.23
GE,DPS,0.04,0.04,0.04,0.37,0.84,0.93,0.92,0.89,0.79,0.70,0.61
GE,Div Payout,6.8,10.2,200.0,—,111.6,105.8,180.4,59.5,54.7,50.4,47.1
GE,Shares,"8,761","8,761","8,724","8,691","8,687","9,130","10,016","10,123","10,289","10,564","10,620"
GE,BVPS,4.05,3.79,3.20,3.61,8.77,9.37,11.86,13.42,12.20,11.82,11.77
GE,OCF,"3,597","3,597","8,772","4,246","10,426",-244,"19,891","27,710","28,579","31,331","33,359"
GE,NP Margin,6.57,6.57,-5.71,-18.75,-5.18,6.82,-5.33,10.29,9.12,9.41,9.21
GE,ROE,16.38,16.38,-18.35,-47.89,-8.92,9.38,-5.42,11.76,10.28,11.38,11.13
GE,Revenue GR,-16.42,-16.38,-21.71,0.95,0.65,3.93,-22.09,3.41,-1.28,1.80,-5.31
GE,Revenue GR 3Y avg,—,-12.89,-7.34,1.84,-6.59,-5.75,-7.35,1.29,-1.64,-2.62,-7.98
GE,Revenue GR 5Y avg,—,-7.12,-8.42,-3.18,-3.61,-3.39,-5.18,-1.17,-4.77,-3.47,-2.73
GE,Revenue GR 10Y avg,—,-6.15,-4.86,-3.98,-3.54,-3.06,-2.59,-0.30,0.63,0.95,1.23
GE,NP GR,—,—,—,—,—,-12.22,—,2.49,3.89,7.36,-6.68
GE,NP GR 3Y avg,—,—,—,—,—,-9.00,—,6.68,-5.59,-9.29,-7.44
GE,NP GR 5Y avg,—,-6.89,—,—,—,-8.22,—,-0.85,-1.38,-0.34,0.34
GE,NP GR 10Y avg,0.0,0.0,0.0,0.0,0.0,0.0,0.0,0.0,0.0,0.0,0.0
GE,EPS GR,350.00,—,—,—,—,—,—,18.11,-1.55,4.88,16.04
GE,EPS GR 3Y avg,—,—,—,—,—,-11.18,—,6.84,6.21,8.50,-10.58
GE,EPS GR 5Y avg,—,—,—,—,—,-6.27,—,8.23,-5.89,-9.88,-9.27
GE,EPS GR 10Y avg,—,-5.85,—,—,—,-7.78,—,-0.58,-1.58,-0.89,-1.07
GE,OCF GR,—,-58.99,106.59,-59.27,—,—,-28.22,-3.04,-8.78,-6.08,-7.65
GE,D/E,1.98,1.98,2.54,3.13,1.71,1.39,1.50,1.74,1.86,2.09,2.34
GE,Price,13.39,10.79,11.09,7.23,16.2,28.39,27.14,21.28,22.81,16.54,13.64
GE,P/E,23.49,18.93,0.0,0.0,0.0,31.54,0.0,14.09,16.77,12.82,11.0
GME,Year End,TTM,2021-01,2020-01,2019-01,2018-01,2017-01,2016-01,2015-01,2014-01,2013-01,2012-01
GME,Revenue,"5,090","5,090","6,466","8,285","9,225","8,607","9,363","9,296","9,040","8,887","9,551"
GME,NP,-215,-215,-470,-673,35,353,403,393,354,-269,339
GME,EPS,-3.31,-3.31,-5.38,-6.59,0.34,3.40,3.78,3.47,2.99,-2.13,2.41
GME,DPS,—,—,0.38,1.52,1.52,1.48,1.44,1.32,1.10,0.80,—
GME,Div Payout,—,—,—,—,44.4,39.5,39.0,39.9,34.5,—,—
GME,Shares,65,65,88,102,102,103,107,113,118,126,141
GME,BVPS,6.24,5.09,9.36,15.35,22.84,21.03,18.80,18.65,18.54,17.31,22.24
GME,OCF,124,124,-415,325,434,537,656,481,763,632,625
GME,NP Margin,-4.23,-4.23,-7.28,-8.12,0.38,4.10,4.30,4.23,3.92,-3.03,3.56
GME,ROE,-41.08,-41.08,-48.35,-37.91,1.55,16.29,19.42,18.20,15.61,-10.12,11.45
GME,Revenue GR,-3.28,-21.28,-21.96,-10.18,7.16,-8.07,0.73,2.84,1.72,-6.95,0.81
GME,Revenue GR 3Y avg,—,-17.98,-9.10,-4.00,-0.26,-1.62,1.76,-0.90,-1.55,-0.71,2.74
GME,Revenue GR 5Y avg,—,-11.48,-7.00,-1.73,0.75,-2.06,-0.23,0.48,0.53,4.61,12.42
GME,Revenue GR 10Y avg,—,-6.02,-3.34,-0.61,2.66,4.93,11.72,17.57,19.06,20.71,23.89
GME,NP GR,—,—,—,—,-55.47,-0.09,—,4.97,-4.60,—,-5.15
GME,NP GR 3Y avg,—,—,—,—,—,0.77,-0.26,0.83,-2.32,—,16.52
GME,NP GR 5Y avg,—,—,—,—,-19.08,8.36,14.86,20.50,18.76,—,47.53
GME,NP GR 10Y avg,0.0,0.0,0.0,0.0,0.0,0.0,0.0,0.0,0.0,0.0,0.0
GME,EPS GR,271.87,—,—,—,-90.00,-10.05,8.93,16.05,—,—,-9.06
GME,EPS GR 3Y avg,—,—,—,—,-53.90,4.38,—,12.92,4.11,—,0.42
GME,EPS GR 5Y avg,—,—,—,—,—,7.13,7.36,9.05,4.67,—,19.23
GME,EPS GR 10Y avg,—,—,—,—,-15.11,13.02,16.73,20.12,18.89,—,38.92
GME,OCF GR,—,—,—,-25.25,-19.03,-18.22,36.69,-37.00,20.60,1.23,5.67
GME,D/E,1.54,1.54,1.55,0.35,0.37,0.36,0.17,0.17,—,—,—
GME,Price,154.69,3.84,10.96,14.69,19.92,20.22,26.23,25.22,16.17,15.69,0.0
GME,P/E,0.0,0.0,0.0,41.97,5.81,5.31,7.41,8.35,0.0,6.43,0.0
GOOG,Year End,TTM,2020-12,2019-12,2018-12,2017-12,2016-12,2015-12,2014-12,2013-12,2012-12,2011-12
GOOG,Revenue,"182,527","182,527","161,857","136,819","110,855","90,272","74,989","66,001","59,825","50,175","37,905"
GOOG,NP,"40,269","40,269","34,343","30,736","12,662","19,478","16,348","14,444","12,920","10,737","9,737"
GOOG,EPS,58.61,58.61,49.16,43.70,18.00,27.85,22.84,20.57,18.79,16.16,14.89
GOOG,DPS,—,—,—,—,—,—,—,—,—,—,—
GOOG,Div Payout,—,—,—,—,—,—,—,—,—,—,—
GOOG,Shares,733,733,745,750,704,699,693,687,678,665,654
GOOG,BVPS,330.12,315.33,283.25,244.18,226.11,193.99,169.12,145.08,—,—,—
GOOG,OCF,"65,124","65,124","54,520","47,971","37,091","36,036","26,024","22,376","18,659","16,619","14,565"
GOOG,NP Margin,22.06,22.06,21.22,22.46,11.42,21.58,21.10,21.88,21.60,21.40,25.69
GOOG,ROE,19.00,19.00,18.12,18.62,8.69,15.02,14.08,15.06,16.25,16.54,18.66
GOOG,Revenue GR,23.49,12.77,18.30,23.42,22.80,20.38,13.62,10.32,19.23,32.37,29.28
GOOG,Revenue GR 3Y avg,—,18.08,21.49,22.19,18.87,14.70,14.33,20.31,26.83,28.49,20.26
GOOG,Revenue GR 5Y avg,—,19.47,19.65,17.99,17.18,18.95,20.66,22.78,22.38,24.77,29.01
GOOG,Revenue GR 10Y avg,—,20.06,21.21,20.17,20.92,23.88,28.44,35.39,44.90,60.60,83.74
GOOG,NP GR,—,47.06,20.81,23.42,-4.29,14.66,15.04,14.05,14.96,18.09,32.07
GOOG,NP GR 3Y avg,—,19.76,18.91,18.93,3.35,14.87,13.96,17.24,25.04,20.63,25.91
GOOG,NP GR 5Y avg,—,16.82,18.07,21.94,11.66,20.26,27.28,43.17,61.71,59.68,106.27
GOOG,NP GR 10Y avg,0.0,0.0,0.0,0.0,0.0,0.0,0.0,0.0,0.0,0.0,0.0
GOOG,EPS GR,45.28,19.22,12.49,142.78,-35.37,21.94,8.66,10.15,18.01,8.57,13.11
GOOG,EPS GR 3Y avg,—,48.22,20.85,24.14,-5.04,13.43,12.20,12.17,13.17,16.55,30.76
GOOG,EPS GR 5Y avg,—,20.74,18.52,18.02,2.17,13.33,11.64,15.53,23.43,19.44,24.52
GOOG,EPS GR 10Y avg,—,16.10,17.01,20.70,10.47,18.80,24.70,39.92,57.34,54.76,93.71
GOOG,OCF GR,—,19.45,13.65,29.33,2.93,38.47,16.30,19.92,12.28,14.10,31.44
GOOG,D/E,0.11,0.11,0.07,0.02,0.02,0.03,0.02,0.03,0.03,0.04,0.05
GOOG,Price,2297.76,1751.88,1337.02,1035.61,1046.4,771.82,758.88,526.4,0.0,0.0,0.0
GOOG,P/E,39.14,29.84,27.19,23.7,58.26,27.73,33.11,25.1,0.0,0.0,0.0
HUBS,Year End,TTM,2020-12,2019-12,2018-12,2017-12,2016-12,2015-12,2014-12,2013-12,2012-12,2011-12
HUBS,Revenue,883,883,675,513,376,271,182,116,78,52,29
HUBS,NP,-85,-85,-54,-64,-40,-46,-46,-48,-34,-19,-24
HUBS,EPS,-1.90,-1.90,-1.28,-1.66,-1.08,-1.29,-1.39,-4.20,-1.36,-0.75,-1.03
HUBS,DPS,—,—,—,—,—,—,—,—,—,—,—
HUBS,Div Payout,—,—,—,—,—,—,—,—,—,—,—
HUBS,Shares,45,45,42,39,37,35,33,12,25,25,25
HUBS,BVPS,16.46,15.89,14.63,5.84,5.56,3.41,3.62,-3.66,—,—,—
HUBS,OCF,89,89,119,85,50,19,—,-12,-20,-6,-13
HUBS,NP Margin,-9.63,-9.63,-7.96,-12.44,-10.57,-16.81,-25.31,-41.91,-44.22,-36.55,-89.21
HUBS,ROE,-12.04,-12.04,-12.02,-28.06,-24.14,-37.90,-39.63,-556.53,—,—,—
HUBS,Revenue GR,35.38,30.85,31.56,36.57,38.62,48.93,57.02,49.26,50.44,80.73,—
HUBS,Revenue GR 3Y avg,—,32.97,35.55,41.27,48.00,51.69,52.20,59.51,—,—,—
HUBS,Revenue GR 5Y avg,—,37.15,42.25,45.88,48.73,56.84,—,—,—,—,—
HUBS,Revenue GR 10Y avg,—,—,—,—,—,—,—,—,—,—,—
HUBS,NP GR,—,—,—,—,—,—,—,—,—,—,—
HUBS,NP GR 3Y avg,—,—,—,—,—,—,—,—,—,—,—
HUBS,NP GR 5Y avg,—,—,—,—,—,—,—,—,—,—,—
HUBS,NP GR 10Y avg,0.0,0.0,0.0,0.0,0.0,0.0,0.0,0.0,0.0,0.0,0.0
HUBS,EPS GR,41.67,—,—,—,—,—,—,—,—,—,—
HUBS,EPS GR 3Y avg,—,—,—,—,—,—,—,—,—,—,—
HUBS,EPS GR 5Y avg,—,—,—,—,—,—,—,—,—,—,—
HUBS,EPS GR 10Y avg,—,—,—,—,—,—,—,—,—,—,—
HUBS,OCF GR,—,-25.27,40.21,71.02,156.19,—,—,—,—,—,—
HUBS,D/E,0.98,0.98,0.90,1.30,1.42,—,—,—,—,—,—
HUBS,Price,521.18,396.44,158.5,125.73,88.4,47.0,56.31,0.0,0.0,0.0,0.0
HUBS,P/E,0.0,0.0,0.0,0.0,0.0,0.0,0.0,0.0,0.0,0.0,0.0
INTC,Year End,TTM,2020-12,2019-12,2018-12,2017-12,2016-12,2015-12,2014-12,2013-12,2012-12,2011-12
INTC,Revenue,"77,867","77,867","71,965","70,848","62,761","59,387","55,355","55,870","52,708","53,341","53,999"
INTC,NP,"20,899","20,899","21,048","21,053","9,601","10,316","11,420","11,704","9,620","11,005","12,942"
INTC,EPS,4.94,4.94,4.71,4.48,1.99,2.12,2.33,2.31,1.89,2.13,2.39
INTC,DPS,1.32,1.32,1.26,1.20,1.08,1.04,0.96,0.90,0.90,0.87,0.78
INTC,Div Payout,26.7,25.6,29.2,36.4,37.3,47.9,40.7,42.8,48.6,40.8,31.6
INTC,Shares,"4,232","4,232","4,473","4,701","4,835","4,875","4,894","5,056","5,097","5,160","5,411"
INTC,BVPS,19.90,18.35,17.31,15.83,15.13,13.34,12.08,11.81,11.16,10.36,9.22
INTC,OCF,"35,384","35,384","33,145","29,432","22,110","21,808","19,017","20,418","20,776","18,884","20,963"
INTC,NP Margin,26.84,26.84,29.25,29.72,15.30,17.37,20.63,20.95,18.25,20.63,23.97
INTC,ROE,26.36,26.36,27.68,29.33,14.20,16.21,19.53,20.51,17.58,22.66,27.15
INTC,Revenue GR,-1.14,8.20,1.58,12.89,5.68,7.28,-0.92,6.00,-1.19,-1.22,23.79
INTC,Revenue GR 3Y avg,—,7.45,6.61,8.57,3.95,4.06,1.24,1.14,6.51,14.94,12.84
INTC,Revenue GR 5Y avg,—,7.06,5.19,6.09,3.31,1.92,4.88,9.73,7.00,6.83,8.82
INTC,Revenue GR 10Y avg,—,5.97,7.44,6.54,5.05,5.32,3.61,5.03,5.75,7.14,7.36
INTC,NP GR,—,29.60,26.83,22.62,-6.39,2.36,1.24,-3.30,-5.68,36.06,34.73
INTC,NP GR 3Y avg,—,12.85,12.45,16.96,-2.69,-4.43,-0.08,21.78,12.70,9.55,20.74
INTC,NP GR 5Y avg,—,6.19,17.03,14.81,3.25,7.42,2.80,4.53,5.48,13.45,25.92
INTC,NP GR 10Y avg,0.0,0.0,0.0,0.0,0.0,0.0,0.0,0.0,0.0,0.0,0.0
INTC,EPS GR,-10.13,4.88,5.13,125.13,-6.13,-9.01,0.87,22.22,-11.27,-10.88,18.91
INTC,EPS GR 3Y avg,—,35.40,30.49,24.35,-4.85,3.90,3.04,-1.13,-2.03,40.38,37.47
INTC,EPS GR 5Y avg,—,16.22,15.31,18.84,-1.35,-2.37,3.00,24.57,15.49,12.54,22.68
INTC,EPS GR 10Y avg,—,9.41,19.85,17.15,5.37,9.44,5.23,7.13,8.32,16.56,28.81
INTC,OCF GR,—,6.76,12.62,33.12,1.38,14.68,-6.86,-1.72,10.02,-9.92,25.59
INTC,D/E,0.42,0.42,0.33,0.34,0.36,0.31,0.33,0.22,0.23,0.26,0.15
INTC,Price,64.75,49.53,58.06,44.42,42.63,32.58,29.95,30.63,21.22,16.22,18.44
INTC,P/E,13.11,10.03,12.3,9.92,21.53,15.44,12.8,13.14,11.29,7.61,7.71
INTU,Year End,TTM,2020-07,2019-07,2018-07,2017-07,2016-07,2015-07,2014-07,2013-07,2012-07,2011-07
INTU,Revenue,"7,717","7,679","6,784","5,964","5,177","4,694","4,192","4,506","4,171","4,151","3,851"
INTU,NP,"1,747","1,826","1,557","1,211",971,979,365,907,858,792,634
INTU,EPS,6.60,6.92,5.89,5.09,3.78,3.69,1.28,3.12,2.83,2.60,2.00
INTU,DPS,2.24,2.12,1.88,1.56,1.36,1.20,1.00,0.76,0.85,0.60,—
INTU,Div Payout,33.9,40.6,33.0,33.1,37.7,40.6,83.9,25.4,30.8,23.8,—
INTU,Shares,267,264,264,261,261,265,286,291,303,305,317
INTU,BVPS,32.38,18.11,15.64,9.14,6.64,4.84,8.36,11.36,11.92,9.29,9.38
INTU,OCF,"2,548","2,414","2,324","2,112","1,599","1,401","1,504","1,446","1,366","1,246","1,013"
INTU,NP Margin,22.64,23.78,22.95,20.31,18.76,20.86,8.71,20.13,20.57,19.08,16.46
INTU,ROE,27.74,41.24,51.02,65.32,77.22,56.06,13.49,27.45,27.35,29.55,23.32
INTU,Revenue GR,-7.08,13.19,13.75,15.20,10.29,11.98,-6.97,8.03,0.48,7.79,11.46
INTU,Revenue GR 3Y avg,—,14.04,13.06,12.47,4.74,4.02,0.33,5.38,6.48,9.26,7.79
INTU,Revenue GR 5Y avg,—,12.87,8.53,7.41,4.52,4.04,3.94,7.20,6.29,9.20,10.46
INTU,Revenue GR 10Y avg,—,8.31,7.86,6.85,6.83,7.20,7.48,9.21,10.18,11.82,11.81
INTU,NP GR,—,23.43,16.73,49.15,2.30,4.50,-22.76,12.68,14.34,21.00,9.97
INTU,NP GR 3Y avg,—,37.99,11.41,7.14,4.16,9.08,-8.66,15.20,12.47,12.47,8.74
INTU,NP GR 5Y avg,—,12.27,13.29,9.77,8.24,8.91,-0.44,11.08,9.60,18.91,—
INTU,NP GR 10Y avg,0.0,0.0,0.0,0.0,0.0,0.0,0.0,0.0,0.0,0.0,0.0
INTU,EPS GR,-92.31,17.49,26.94,24.73,0.81,188.28,-58.97,10.25,8.85,30.00,12.99
INTU,EPS GR 3Y avg,—,22.99,16.87,53.62,6.04,9.25,-21.04,15.98,16.93,24.42,12.36
INTU,EPS GR 5Y avg,—,40.15,13.55,10.39,7.43,13.03,-6.28,18.24,14.95,15.96,11.51
INTU,EPS GR 10Y avg,—,14.61,15.87,12.65,11.61,12.27,2.35,14.72,13.26,23.31,—
INTU,OCF GR,—,3.87,10.04,32.08,14.13,-6.85,4.01,5.86,9.63,23.00,1.50
INTU,D/E,0.27,0.44,0.10,0.16,0.32,0.42,0.21,0.16,0.14,0.18,0.19
INTU,Price,415.82,304.92,273.87,200.1,133.19,106.51,100.29,76.89,59.35,53.29,42.42
INTU,P/E,62.91,44.06,46.42,43.31,35.8,28.33,76.56,24.96,20.97,20.42,21.0
JBL,Year End,TTM,2020-08,2019-08,2018-08,2017-08,2016-08,2015-08,2014-08,2013-08,2012-08,2011-08
JBL,Revenue,"28,297","27,266","25,282","22,095","19,063","18,353","17,899","15,762","18,337","17,152","16,519"
JBL,NP,369,54,287,86,129,254,284,241,371,395,381
JBL,EPS,2.41,0.35,1.81,0.49,0.69,1.32,1.45,1.19,1.79,1.87,1.73
JBL,DPS,0.32,0.32,0.32,0.32,0.32,0.32,0.32,0.32,0.32,0.32,0.28
JBL,Div Payout,13.2,128.0,27.8,30.5,49.2,20.3,34.0,36.8,20.3,17.1,16.1
JBL,Shares,154,155,159,175,186,193,196,202,208,211,221
JBL,BVPS,14.04,10.86,12.08,13.20,13.10,13.33,12.04,12.41,10.86,10.22,9.18
JBL,OCF,"1,259","1,257","1,193",934,"1,257",916,"1,240",499,"1,214",634,828
JBL,NP Margin,1.30,0.20,1.14,0.39,0.68,1.38,1.59,1.53,2.03,2.30,2.31
JBL,ROE,19.23,2.92,14.96,4.01,5.39,10.69,12.47,10.54,16.73,19.87,22.12
JBL,Revenue GR,11.48,7.85,14.42,15.91,3.87,2.54,13.56,-14.04,6.91,3.83,23.19
JBL,Revenue GR 3Y avg,—,12.67,11.27,7.27,6.54,0.03,1.43,-1.55,11.00,13.65,8.93
JBL,Revenue GR 5Y avg,—,8.78,9.91,3.80,2.14,2.13,5.95,6.17,7.49,6.89,9.98
JBL,Revenue GR 10Y avg,—,7.35,8.02,5.63,4.49,5.98,9.05,9.69,14.51,17.08,14.33
JBL,NP GR,—,-25.25,4.16,-32.76,-18.82,-11.89,-10.39,-14.13,30.06,—,41.71
JBL,NP GR 3Y avg,—,-28.28,3.54,-25.31,-20.03,-7.79,10.96,—,22.64,40.06,18.29
JBL,NP GR 5Y avg,—,-10.79,—,-4.29,5.83,4.44,2.05,3.76,24.06,27.52,12.39
JBL,NP GR 10Y avg,0.0,0.0,0.0,0.0,0.0,0.0,0.0,0.0,0.0,0.0,0.0
JBL,EPS GR,—,-80.66,269.39,-28.99,-47.73,-8.97,21.85,-33.52,-4.28,8.09,121.79
JBL,EPS GR 3Y avg,—,-20.25,11.10,-30.35,-16.61,-9.65,-8.13,-11.73,31.90,—,38.58
JBL,EPS GR 5Y avg,—,-24.74,8.75,-22.83,-18.08,-5.27,13.20,—,22.46,39.82,17.57
JBL,EPS GR 10Y avg,—,-7.70,—,-2.79,7.02,5.54,2.62,3.92,23.90,27.10,11.36
JBL,OCF GR,—,5.38,27.76,-25.69,37.16,-26.13,148.62,-58.90,91.40,-23.40,93.73
JBL,D/E,1.43,1.65,1.12,1.28,0.69,0.85,0.58,0.74,0.72,0.79,0.60
JBL,Price,54.44,34.02,28.43,28.91,30.31,20.23,18.18,19.98,20.78,20.41,14.88
JBL,P/E,22.68,100.05,15.71,61.51,43.92,15.33,12.45,16.93,11.61,10.91,8.6
JD,Year End,TTM,2019-12,2018-12,2017-12,2016-12,2015-12,2014-12,2013-12,2012-12,2011-12,2010-12
JD,Revenue,"692,158","576,888","462,020","362,332","260,122","181,287","115,002","69,340","41,381","21,129",—
JD,NP,"28,717","12,187","-2,489",129,"-3,362","-9,378","-4,996",-50,"-1,729","-1,284",—
JD,EPS,18.48,8.22,-1.74,-0.10,-2.72,-6.66,-10.70,-1.70,-2.27,-2.88,—
JD,DPS,—,—,—,—,—,—,—,—,—,—,—
JD,Div Payout,—,—,—,—,—,—,—,—,—,—,—
JD,Shares,"1,526","1,484","1,439","1,456","1,402","1,368","1,210","1,499","1,499","1,023",—
JD,BVPS,18.48,7.39,6.39,5.50,3.58,4.09,4.47,—,—,—,—
JD,OCF,"37,334","24,781","20,881","24,821","8,767","-1,812","1,015","3,570","1,404",-86,—
JD,NP Margin,4.15,2.11,-0.54,-0.04,-1.46,-5.17,-11.26,-5.70,-8.02,-13.94,—
JD,ROE,25.36,17.21,-4.46,-0.35,-11.82,-27.57,-55.43,-75.15,-180.10,-122.62,—
JD,Revenue GR,29.20,24.86,27.51,39.29,43.49,57.64,65.85,67.57,95.85,—,—
JD,Revenue GR 3Y avg,—,30.41,36.59,46.60,55.38,63.63,75.90,—,—,—,—
JD,Revenue GR 5Y avg,—,38.06,46.13,54.33,65.22,—,—,—,—,—,—
JD,Revenue GR 10Y avg,—,—,—,—,—,—,—,—,—,—,—
JD,NP GR,—,—,—,—,—,—,—,—,—,—,—
JD,NP GR 3Y avg,—,—,—,—,—,—,—,—,—,—,—
JD,NP GR 5Y avg,—,—,—,—,—,—,—,—,—,—,—
JD,NP GR 10Y avg,0.0,0.0,0.0,0.0,0.0,0.0,0.0,0.0,0.0,0.0,0.0
JD,EPS GR,—,—,—,—,—,—,—,—,—,—,—
JD,EPS GR 3Y avg,—,—,—,—,—,—,—,—,—,—,—
JD,EPS GR 5Y avg,—,—,—,—,—,—,—,—,—,—,—
JD,EPS GR 10Y avg,—,—,—,—,—,—,—,—,—,—,—
JD,OCF GR,—,18.68,-15.87,183.12,—,—,-71.57,154.32,—,—,—
JD,D/E,0.15,0.19,0.17,0.21,0.32,0.09,—,—,—,—,—
JD,Price,77.04,35.23,20.93,41.42,25.44,32.27,0.0,0.0,0.0,0.0,0.0
JD,P/E,29.4,29.36,0.0,0.0,0.0,0.0,0.0,0.0,0.0,0.0,0.0
JNJ,Year End,TTM,2020-12,2019-12,2018-12,2017-12,2016-12,2015-12,2014-12,2013-12,2012-12,2011-12
JNJ,Revenue,"82,584","82,584","82,059","81,581","76,450","71,890","70,074","74,331","71,312","67,224","65,030"
JNJ,NP,"14,714","14,714","15,119","15,297","1,300","16,540","15,409","16,323","13,831","10,853","9,672"
JNJ,EPS,5.51,5.51,5.63,5.61,0.47,5.93,5.48,5.70,4.81,3.86,3.49
JNJ,DPS,3.98,3.98,3.75,3.54,3.32,3.15,2.95,2.76,2.59,2.40,2.25
JNJ,Div Payout,72.2,61.6,70.5,589.8,57.0,54.4,55.6,45.0,56.7,62.1,54.1
JNJ,Shares,"2,670","2,670","2,684","2,728","2,745","2,789","2,813","2,864","2,877","2,812","2,775"
JNJ,BVPS,24.04,24.49,22.11,24.27,27.58,26.75,25.86,27.52,24.75,23.33,22.53
JNJ,OCF,"23,536","23,536","23,416","22,201","21,056","18,767","19,279","18,471","17,414","15,396","14,298"
JNJ,NP Margin,17.82,17.82,18.42,18.75,1.70,23.01,21.99,21.96,19.40,16.14,14.87
JNJ,ROE,23.97,23.97,25.36,25.51,1.99,23.37,21.87,22.70,19.92,17.81,17.02
JNJ,Revenue GR,8.33,0.64,0.59,6.71,6.34,2.59,-5.73,4.23,6.08,3.37,5.59
JNJ,Revenue GR 3Y avg,—,2.61,4.51,5.20,0.94,0.27,1.39,4.56,5.01,2.79,0.67
JNJ,Revenue GR 5Y avg,—,3.34,2.00,2.73,2.61,2.03,2.62,3.73,2.27,1.93,4.05
JNJ,Revenue GR 10Y avg,—,2.98,2.86,2.50,2.27,3.03,3.33,4.61,5.47,6.36,7.02
JNJ,NP GR,—,124.52,-2.95,-0.24,-56.98,6.14,12.39,19.06,1.23,-4.00,-9.27
JNJ,NP GR 3Y avg,—,-0.92,-1.52,2.04,-34.58,11.33,2.93,5.88,1.33,0.52,-2.63
JNJ,NP GR 5Y avg,—,0.99,2.11,1.68,-18.91,4.11,4.00,6.73,6.75,5.10,5.49
JNJ,NP GR 10Y avg,0.0,0.0,0.0,0.0,0.0,0.0,0.0,0.0,0.0,0.0,0.0
JNJ,EPS GR,-56.67,-2.13,0.36,—,-92.07,8.21,-3.86,18.50,24.61,10.60,-26.99
JNJ,EPS GR 3Y avg,—,127.17,-1.72,0.78,-56.47,7.23,12.39,17.77,0.21,-4.27,-8.60
JNJ,EPS GR 5Y avg,—,0.11,-0.25,3.12,-34.37,11.18,2.77,5.31,1.03,1.24,-1.32
JNJ,EPS GR 10Y avg,—,1.43,2.50,2.07,-18.49,4.75,4.71,7.22,7.20,5.98,6.61
JNJ,OCF GR,—,0.51,5.47,5.44,12.20,-2.66,4.37,6.07,13.11,7.68,-12.74
JNJ,D/E,0.52,0.52,0.45,0.46,0.51,0.32,0.18,0.22,0.18,0.18,0.23
JNJ,Price,162.24,156.4,141.09,122.32,128.94,103.64,89.87,88.84,75.72,56.25,50.75
JNJ,P/E,29.44,28.39,20.81,21.8,330.61,17.63,16.37,15.59,15.71,14.53,14.58
KO,Year End,TTM,2020-12,2019-12,2018-12,2017-12,2016-12,2015-12,2014-12,2013-12,2012-12,2011-12
KO,Revenue,"33,014","33,014","37,266","31,856","35,410","41,863","44,294","45,998","46,854","48,017","46,542"
KO,NP,"7,747","7,747","8,920","6,434","1,248","6,527","7,351","7,098","8,584","9,019","8,572"
KO,EPS,1.79,1.79,2.07,1.50,0.29,1.49,1.67,1.60,1.90,1.97,1.85
KO,DPS,1.64,1.64,1.60,1.56,1.48,1.40,1.32,1.22,1.12,1.02,0.94
KO,Div Payout,91.6,84.5,84.6,211.0,140.3,83.6,82.5,66.4,56.7,51.8,34.0
KO,Shares,"4,323","4,323","4,314","4,299","4,324","4,367","4,405","4,450","4,509","4,584","4,646"
KO,BVPS,4.48,4.33,4.37,4.28,5.19,6.08,6.02,7.66,7.30,7.34,7.34
KO,OCF,"9,844","9,844","10,471","7,627","7,106","8,796","10,528","10,615","10,542","10,645","9,474"
KO,NP Margin,23.47,23.47,23.94,20.20,3.52,15.59,16.60,15.43,18.32,18.78,18.42
KO,ROE,40.48,40.48,49.61,37.79,6.22,26.85,26.31,22.36,26.03,28.00,27.37
KO,Revenue GR,-5.04,-11.41,16.98,-10.04,-15.41,-5.49,-3.70,-1.83,-2.42,3.17,32.53
KO,Revenue GR 3Y avg,—,-2.31,-3.80,-10.41,-8.35,-3.68,-2.65,-0.39,10.09,15.72,13.37
KO,Revenue GR 5Y avg,—,-5.71,-4.12,-7.43,-5.91,-2.10,4.75,8.22,7.96,10.72,14.08
KO,Revenue GR 10Y avg,—,-0.62,1.86,-0.03,2.07,5.68,6.72,7.67,8.33,9.39,8.76
KO,NP GR,—,83.78,10.97,-4.34,-43.98,-8.73,-6.59,-6.10,-10.09,9.74,13.86
KO,NP GR 3Y avg,—,1.05,4.68,-5.60,-32.67,-5.31,-9.05,0.79,8.13,8.56,11.03
KO,NP GR 5Y avg,—,-4.13,2.71,1.03,-14.50,2.54,4.20,3.89,7.04,11.45,8.00
KO,NP GR 10Y avg,0.0,0.0,0.0,0.0,0.0,0.0,0.0,0.0,0.0,0.0,0.0
KO,EPS GR,-27.66,-13.53,38.00,417.24,-80.54,-10.78,4.38,-15.79,-3.55,6.78,-27.08
KO,EPS GR 3Y avg,—,83.44,11.58,-3.52,-43.41,-7.78,-5.36,-4.64,-9.10,10.38,14.01
KO,EPS GR 5Y avg,—,1.40,5.29,-4.62,-31.83,-4.18,-7.97,1.78,8.82,8.92,11.31
KO,EPS GR 10Y avg,—,-3.40,3.52,1.88,-13.83,3.27,5.05,4.81,7.94,12.35,8.72
KO,OCF GR,—,-5.99,37.29,7.33,-19.21,-16.45,-0.82,0.69,-0.97,12.36,-0.61
KO,D/E,2.08,2.08,1.45,1.49,1.83,1.29,1.11,0.63,0.58,0.45,0.43
KO,Price,53.68,54.39,53.09,44.02,41.22,36.04,36.16,34.4,32.68,27.88,26.17
KO,P/E,29.99,30.38,25.65,29.35,152.66,24.03,21.65,21.64,17.2,14.22,14.18
LOGI,Year End,TTM,2020-03,2019-03,2018-03,2017-03,2016-03,2015-03,2014-03,2013-03,2012-03,2011-03
LOGI,Revenue,"4,426","2,976","2,788","2,567","2,221","2,018","2,114","2,129","2,100","2,316","2,363"
LOGI,NP,935,450,258,209,206,119,9,74,-228,71,128
LOGI,EPS,5.48,2.66,1.52,1.23,1.24,0.72,0.06,0.46,-1.44,0.59,0.73
LOGI,DPS,0.86,0.74,0.68,0.62,0.58,0.53,0.27,0.23,—,—,—
LOGI,Div Payout,15.7,45.1,46.1,49.6,51.8,—,34.0,136.4,—,—,—
LOGI,Shares,171,169,169,169,166,166,166,163,158,176,179
LOGI,BVPS,12.44,7.78,6.83,6.12,4.94,4.54,5.42,4.70,4.75,7.33,—
LOGI,OCF,"1,029",425,305,346,279,183,179,205,117,196,157
LOGI,NP Margin,21.14,15.11,9.24,8.12,9.27,5.91,0.44,3.49,-10.86,3.09,5.44
LOGI,ROE,55.03,33.74,23.13,21.88,25.48,15.72,1.19,9.66,-24.22,6.07,11.65
LOGI,Revenue GR,84.70,6.73,8.63,15.55,10.08,-4.53,-0.69,1.37,-9.34,-1.98,—
LOGI,Revenue GR 3Y avg,—,10.24,11.38,6.68,1.43,-1.32,-3.00,-3.42,2.21,1.59,—
LOGI,Revenue GR 5Y avg,—,7.08,5.55,4.10,-0.83,-3.11,1.45,-0.74,-2.40,2.31,—
LOGI,Revenue GR 10Y avg,—,4.23,2.36,0.80,0.73,1.17,3.61,5.31,6.68,9.40,—
LOGI,NP GR,—,29.75,29.24,182.16,40.45,—,-49.35,-16.68,—,-12.60,—
LOGI,NP GR 3Y avg,—,117.30,28.23,—,23.57,-1.47,-32.23,-7.04,—,-20.84,—
LOGI,NP GR 5Y avg,—,21.35,9.18,-1.02,-1.10,-4.09,-24.25,-5.60,—,-0.48,—
LOGI,NP GR 10Y avg,0.0,0.0,0.0,0.0,0.0,0.0,0.0,0.0,0.0,0.0,0.0
LOGI,EPS GR,221.74,75.00,23.58,-0.81,72.22,—,-86.96,—,—,-43.06,—
LOGI,EPS GR 3Y avg,—,28.97,28.28,173.69,39.17,—,-47.30,-13.87,—,-11.43,—
LOGI,EPS GR 5Y avg,—,113.47,27.00,—,24.78,—,-30.12,-4.86,—,-19.33,—
LOGI,EPS GR 10Y avg,—,22.14,9.93,—,0.33,-2.42,-22.50,-3.73,—,0.90,—
LOGI,OCF GR,—,39.26,-11.86,24.23,52.22,2.51,-13.04,75.59,-40.35,25.29,—
LOGI,D/E,0.01,0.01,—,—,—,—,—,—,—,—,—
LOGI,Price,113.45,42.45,38.23,35.18,30.02,14.61,11.65,12.95,5.9,6.05,14.07
LOGI,P/E,20.78,16.02,24.99,28.37,26.11,20.58,14.03,27.54,0.0,14.41,19.82
MA,Year End,TTM,2020-12,2019-12,2018-12,2017-12,2016-12,2015-12,2014-12,2013-12,2012-12,2011-12
MA,Revenue,"15,301","15,301","16,883","14,950","12,497","10,776","9,667","9,473","8,346","7,391","6,714"
MA,NP,"6,411","6,411","8,118","5,859","3,915","4,059","3,808","3,617","3,116","2,759","1,906"
MA,EPS,6.37,6.37,7.94,5.60,3.65,3.69,3.35,3.10,2.56,2.19,1.48
MA,DPS,2.04,2.04,1.32,1.00,0.66,0.79,0.67,0.49,0.29,0.12,0.06
MA,Div Payout,32.0,22.9,14.6,20.2,20.5,21.0,19.6,15.1,8.3,5.4,3.4
MA,Shares,"1,006","1,006","1,022","1,047","1,072","1,101","1,137","1,169","1,215","1,258","1,284"
MA,BVPS,6.43,5.82,4.91,5.60,6.11,5.75,5.62,5.64,4.78,5.61,4.71
MA,OCF,"7,224","7,224","8,183","6,223","5,555","4,484","4,043","3,407","4,135","2,948","2,684"
MA,NP Margin,41.90,41.90,48.08,39.19,31.33,37.67,39.39,38.18,37.34,37.33,28.39
MA,ROE,104.38,104.38,143.83,107.87,70.39,69.48,59.42,50.68,43.27,43.16,34.43
MA,Revenue GR,-6.66,-9.37,12.93,19.63,15.97,11.47,2.05,13.50,12.92,10.08,21.21
MA,Revenue GR 3Y avg,—,6.98,16.14,15.64,9.67,8.89,9.36,12.16,14.64,13.17,10.39
MA,Revenue GR 5Y avg,—,9.62,12.25,12.37,11.08,9.92,11.78,13.19,10.83,12.69,15.08
MA,Revenue GR 10Y avg,—,10.70,12.72,11.59,11.88,12.47,12.65,13.83,14.10,14.60,15.34
MA,NP GR,—,17.87,25.99,15.45,2.67,9.21,11.34,23.81,19.07,23.56,—
MA,NP GR 3Y avg,—,10.98,17.55,13.46,7.25,16.32,15.58,19.85,—,20.50,106.97
MA,NP GR 5Y avg,—,13.26,18.70,—,13.68,55.16,30.46,31.27,—,37.24,29.65
MA,NP GR 10Y avg,0.0,0.0,0.0,0.0,0.0,0.0,0.0,0.0,0.0,0.0,0.0
MA,EPS GR,-14.01,-19.77,41.79,53.42,-1.08,10.15,8.06,21.09,16.68,47.74,5.69
MA,EPS GR 3Y avg,—,20.40,29.10,18.68,5.60,12.96,15.15,27.80,22.14,25.27,—
MA,EPS GR 5Y avg,—,13.72,20.70,16.95,10.72,19.97,18.98,22.67,—,22.36,109.27
MA,EPS GR 10Y avg,—,16.32,21.68,—,16.39,58.45,28.78,29.26,—,32.16,22.32
MA,OCF GR,—,-11.72,31.50,12.03,23.88,10.91,18.67,-17.61,40.26,9.84,58.16
MA,D/E,1.88,1.88,1.45,1.08,0.99,0.92,0.55,0.22,—,—,—
MA,Price,386.17,356.08,296.3,186.48,148.81,100.77,94.25,82.82,79.94,46.84,35.46
MA,P/E,60.53,55.81,37.32,33.3,40.77,27.31,28.14,26.8,31.15,21.35,23.91
MASI,Year End,TTM,2020-12,2019-12,2018-12,2017-12,2016-12,2015-12,2014-12,2013-12,2012-12,2011-12
MASI,Revenue,"1,144","1,144",938,858,798,695,630,587,547,493,439
MASI,NP,240,240,196,194,132,301,83,73,58,62,64
MASI,EPS,4.14,4.14,3.44,3.45,2.23,5.85,1.55,1.30,1.02,1.07,1.05
MASI,DPS,—,—,—,—,—,—,—,—,—,—,—
MASI,Div Payout,—,—,—,—,—,—,—,—,—,—,—
MASI,Shares,58,58,57,56,56,53,54,56,57,58,61
MASI,BVPS,25.59,25.70,20.64,17.19,13.89,6.64,5.35,5.40,5.54,4.77,5.06
MASI,OCF,211,211,222,240,56,417,114,95,54,75,79
MASI,NP Margin,21.01,21.01,20.92,22.55,16.49,43.28,13.22,12.36,10.67,12.63,14.51
MASI,ROE,18.66,18.66,18.36,23.10,20.77,71.96,28.65,22.93,19.48,22.65,25.25
MASI,Revenue GR,19.21,21.96,9.27,7.54,14.90,10.24,7.41,7.20,10.95,12.36,8.28
MASI,Revenue GR 3Y avg,—,12.74,10.52,10.85,10.81,8.27,8.51,10.15,10.52,12.21,12.65
MASI,Revenue GR 5Y avg,—,12.66,9.84,9.42,10.10,9.61,9.22,10.94,12.25,13.99,14.37
MASI,Revenue GR 10Y avg,—,10.93,10.39,10.83,12.03,11.97,19.30,23.80,27.90,28.94,—
MASI,NP GR,—,22.22,-13.26,32.45,21.98,72.69,10.18,4.42,-7.40,5.37,25.89
MASI,NP GR 3Y avg,—,23.60,22.03,27.09,16.15,36.39,2.53,6.38,12.83,8.06,-18.92
MASI,NP GR 5Y avg,—,12.57,13.94,19.75,12.03,5.16,9.58,—,—,—,—
MASI,NP GR 10Y avg,0.0,0.0,0.0,0.0,0.0,0.0,0.0,0.0,0.0,0.0,0.0
MASI,EPS GR,31.52,20.35,-0.29,46.19,-58.23,264.52,19.23,27.45,-4.67,1.90,-13.22
MASI,EPS GR 3Y avg,—,20.60,-15.24,30.57,21.99,76.94,13.15,7.38,-5.53,6.73,25.59
MASI,EPS GR 5Y avg,—,21.71,21.49,27.60,17.14,40.01,5.08,8.12,13.99,12.27,-19.15
MASI,EPS GR 10Y avg,—,13.09,14.61,20.60,14.68,6.39,13.95,—,—,—,—
MASI,OCF GR,—,-4.82,-7.47,327.25,-86.55,264.98,19.64,75.74,-27.99,-4.46,29.40
MASI,D/E,0.02,0.02,0.01,—,—,—,0.67,0.41,—,0.01,—
MASI,Price,245.74,268.38,158.06,107.37,84.8,67.4,41.51,26.34,29.23,21.01,17.83
MASI,P/E,59.36,64.83,45.95,31.03,35.93,12.06,26.61,20.26,28.94,19.64,17.14
MCD,Year End,TTM,2020-12,2019-12,2018-12,2017-12,2016-12,2015-12,2014-12,2013-12,2012-12,2011-12
MCD,Revenue,"19,207","19,207","21,077","21,025","22,820","24,622","25,413","27,441","28,106","27,567","27,006"
MCD,NP,"4,731","4,731","6,025","5,924","5,192","4,687","4,529","4,758","5,585","5,465","5,503"
MCD,EPS,6.31,6.31,7.88,7.54,6.37,5.44,4.80,4.82,5.55,5.36,5.27
MCD,DPS,5.04,5.04,4.73,4.19,3.83,3.61,3.44,3.28,3.12,2.87,2.53
MCD,Div Payout,79.9,76.3,60.9,61.1,54.4,66.9,73.6,63.8,55.6,53.5,47.8
MCD,Shares,750,750,764,786,816,861,945,986,"1,006","1,020","1,045"
MCD,BVPS,-10.49,-11.37,-11.52,-8.85,-4.38,-1.98,9.16,14.15,15.31,15.25,13.06
MCD,OCF,"6,265","6,265","8,122","6,966","5,551","6,060","6,539","6,730","7,120","6,966","7,150"
MCD,NP Margin,24.63,24.63,28.59,28.18,22.75,19.03,17.82,17.34,19.87,19.82,20.38
MCD,ROE,—,—,—,—,—,191.93,45.43,32.97,35.69,36.82,37.92
MCD,Revenue GR,-0.66,-8.87,0.24,-7.87,-7.32,-3.11,-7.39,-2.36,1.95,2.08,12.18
MCD,Revenue GR 3Y avg,—,-5.58,-5.05,-6.12,-5.96,-4.32,-2.68,0.53,5.30,6.62,4.71
MCD,Revenue GR 5Y avg,—,-5.45,-5.14,-5.64,-3.71,-1.83,1.09,3.83,3.62,3.88,4.58
MCD,Revenue GR 10Y avg,—,-2.23,-0.76,-1.12,0.01,1.32,2.19,3.71,5.07,5.99,6.15
MCD,NP GR,—,-3.06,8.74,9.36,2.96,-5.68,-6.07,-4.74,4.14,6.29,8.46
MCD,NP GR 3Y avg,—,0.87,4.84,1.18,-1.02,-3.16,-1.75,0.89,5.31,17.94,9.20
MCD,NP GR 5Y avg,—,-0.45,2.85,3.22,8.04,2.83,5.70,7.64,14.27,19.85,12.89
MCD,NP GR 10Y avg,0.0,0.0,0.0,0.0,0.0,0.0,0.0,0.0,0.0,0.0,0.0
MCD,EPS GR,-11.54,-19.92,4.51,18.37,17.10,13.33,-0.41,-13.15,3.54,1.71,15.07
MCD,EPS GR 3Y avg,—,-0.32,13.15,16.25,9.74,-0.67,-3.61,-2.93,6.61,9.25,11.91
MCD,EPS GR 5Y avg,—,5.62,10.33,6.32,3.51,0.64,0.94,3.24,8.10,22.04,13.24
MCD,EPS GR 10Y avg,—,3.26,6.73,7.21,12.40,6.75,8.93,10.41,17.05,22.58,15.48
MCD,OCF GR,—,-22.86,16.58,25.50,-8.39,-7.33,-2.84,-5.48,2.22,-2.57,12.75
MCD,D/E,—,—,—,—,—,—,3.40,1.17,0.88,0.89,0.84
MCD,Price,233.08,213.25,191.56,168.08,158.89,109.56,103.16,79.1,79.19,69.7,76.82
MCD,P/E,36.94,33.79,24.31,22.29,24.98,20.21,21.45,16.38,14.24,13.0,14.55
MSFT,Year End,TTM,2020-06,2019-06,2018-06,2017-06,2016-06,2015-06,2014-06,2013-06,2012-06,2011-06
MSFT,Revenue,"153,284","143,015","125,843","110,360","89,950","85,320","93,580","86,833","77,849","73,723","69,943"
MSFT,NP,"51,310","44,281","39,240","16,571","21,204","16,798","12,193","22,074","21,863","16,978","23,150"
MSFT,EPS,6.71,5.76,5.06,2.13,3.25,2.56,1.48,2.63,2.58,2.00,2.69
MSFT,DPS,2.09,1.99,1.80,1.65,1.53,1.39,1.21,1.07,0.89,0.76,0.61
MSFT,Div Payout,31.1,32.3,39.1,109.5,66.1,101.5,49.0,38.2,44.3,26.4,22.6
MSFT,Shares,"7,646","7,683","7,753","7,794","7,832","8,013","8,254","8,399","8,470","8,506","8,593"
MSFT,BVPS,17.27,15.12,12.41,10.32,9.05,9.58,11.23,10.61,9.21,8.19,6.82
MSFT,OCF,"68,028","60,675","52,185","43,884","39,507","33,325","29,080","32,231","28,833","31,626","26,994"
MSFT,NP Margin,33.47,30.96,31.18,15.02,23.57,19.69,13.03,25.42,28.08,23.03,33.10
MSFT,ROE,42.70,40.14,42.41,21.37,29.37,22.09,14.36,26.17,30.09,27.51,44.84
MSFT,Revenue GR,16.72,13.65,14.03,22.69,5.43,-8.83,7.77,11.54,5.60,5.40,11.94
MSFT,Revenue GR 3Y avg,—,16.72,13.83,5.65,1.18,3.10,8.27,7.48,7.60,8.05,5.00
MSFT,Revenue GR 5Y avg,—,8.85,7.70,7.23,4.06,4.05,8.41,8.24,5.20,7.60,9.57
MSFT,Revenue GR 10Y avg,—,8.63,7.97,6.21,5.81,6.78,8.93,8.95,9.23,10.02,10.71
MSFT,NP GR,—,27.82,32.69,10.77,-1.33,-8.41,-10.45,-1.57,5.23,5.23,9.40
MSFT,NP GR 3Y avg,—,29.43,12.19,-5.39,4.55,-6.21,-8.26,8.67,4.34,3.84,12.94
MSFT,NP GR 5Y avg,—,8.97,10.42,-0.65,4.19,2.92,-0.05,10.45,8.14,8.05,12.16
MSFT,NP GR 10Y avg,0.0,0.0,0.0,0.0,0.0,0.0,0.0,0.0,0.0,0.0,0.0
MSFT,EPS GR,34.44,13.83,137.56,-21.40,29.05,41.89,-43.73,1.94,29.00,-25.65,28.10
MSFT,EPS GR 3Y avg,—,28.57,34.06,12.90,1.00,-6.63,-9.55,-0.75,7.10,7.28,12.89
MSFT,EPS GR 5Y avg,—,31.23,13.98,-3.76,6.26,-4.83,-6.76,10.18,6.65,7.09,17.52
MSFT,EPS GR 10Y avg,—,10.62,12.06,1.31,6.68,5.76,2.83,13.37,10.86,10.99,15.09
MSFT,OCF GR,—,16.27,18.92,11.08,18.55,14.60,-9.78,11.79,-8.83,17.16,12.13
MSFT,D/E,0.49,0.57,0.71,0.94,1.05,0.57,0.35,0.23,0.16,0.16,0.21
MSFT,Price,260.74,202.02,131.8,95.46,65.46,47.42,39.8,36.63,29.47,25.33,20.95
MSFT,P/E,38.86,35.13,26.0,45.24,24.24,23.13,27.26,13.93,11.34,12.66,7.79
MRNA,Year End,TTM,2020-12,2019-12,2018-12,2017-12,2016-12,2015-12,2014-12,2013-12,2012-12,2011-12
MRNA,Revenue,803,803,60,135,206,108,—,—,—,—,—
MRNA,NP,-747,-747,-514,-385,-256,-216,—,—,—,—,—
MRNA,EPS,-1.96,-1.96,-1.55,-4.95,-0.91,-0.78,—,—,—,—,—
MRNA,DPS,—,—,—,—,—,—,—,—,—,—,—
MRNA,Div Payout,—,—,—,—,—,—,—,—,—,—,—
MRNA,Shares,381,381,331,81,297,297,—,—,—,—,—
MRNA,BVPS,6.39,6.92,3.72,3.27,—,—,—,—,—,—,—
MRNA,OCF,"2,027","2,027",-459,-331,-331,67,—,—,—,—,—
MRNA,NP Margin,-92.99,-92.99,-853.73,-297.52,-131.10,-212.47,—,—,—,—,—
MRNA,ROE,-39.99,-39.99,-38.00,-82.11,—,—,—,—,—,—,—
MRNA,Revenue GR,3960.80,1234.34,-55.42,-34.38,89.88,—,—,—,—,—,—
MRNA,Revenue GR 3Y avg,—,57.45,-17.80,—,—,—,—,—,—,—,—
MRNA,Revenue GR 5Y avg,—,—,—,—,—,—,—,—,—,—,—
MRNA,Revenue GR 10Y avg,—,—,—,—,—,—,—,—,—,—,—
MRNA,NP GR,—,—,—,—,—,—,—,—,—,—,—
MRNA,NP GR 3Y avg,—,—,—,—,—,—,—,—,—,—,—
MRNA,NP GR 5Y avg,—,—,—,—,—,—,—,—,—,—,—
MRNA,NP GR 10Y avg,0.0,0.0,0.0,0.0,0.0,0.0,0.0,0.0,0.0,0.0,0.0
MRNA,EPS GR,86.49,—,—,—,—,—,—,—,—,—,—
MRNA,EPS GR 3Y avg,—,—,—,—,—,—,—,—,—,—,—
MRNA,EPS GR 5Y avg,—,—,—,—,—,—,—,—,—,—,—
MRNA,EPS GR 10Y avg,—,—,—,—,—,—,—,—,—,—,—
MRNA,OCF GR,—,—,—,—,—,—,—,—,—,—,—
MRNA,D/E,0.08,0.08,0.11,0.02,—,—,—,—,—,—,—
MRNA,Price,170.81,104.47,19.56,0.0,0.0,0.0,0.0,0.0,0.0,0.0,0.0
MRNA,P/E,0.0,0.0,0.0,0.0,0.0,0.0,0.0,0.0,0.0,0.0,0.0
NFLX,Year End,TTM,2020-12,2019-12,2018-12,2017-12,2016-12,2015-12,2014-12,2013-12,2012-12,2011-12
NFLX,Revenue,"24,996","24,996","20,156","15,794","11,693","8,831","6,780","5,505","4,375","3,609","3,205"
NFLX,NP,"2,761","2,761","1,867","1,211",559,187,123,267,112,17,226
NFLX,EPS,6.08,6.08,4.13,2.68,1.25,0.43,0.28,0.62,0.26,0.04,0.59
NFLX,DPS,—,—,—,—,—,—,—,—,—,—,—
NFLX,Div Payout,—,—,—,—,—,—,—,—,—,—,—
NFLX,Shares,454,454,452,451,447,439,436,432,425,412,381
NFLX,BVPS,24.98,23.33,15.64,11.47,7.68,5.88,5.06,4.08,2.89,1.91,1.00
NFLX,OCF,"2,427","2,427","-2,887","-2,680","-1,786","-1,474",-749,16,98,23,318
NFLX,NP Margin,11.05,11.05,9.26,7.67,4.78,2.11,1.81,4.85,2.57,0.48,7.06
NFLX,ROE,29.62,29.62,29.12,27.46,17.85,7.61,6.01,16.72,10.82,2.47,48.47
NFLX,Revenue GR,21.53,24.01,27.62,35.08,32.41,30.26,23.16,25.83,21.20,12.63,48.18
NFLX,Revenue GR 3Y avg,—,28.82,31.67,32.57,28.55,26.38,23.38,19.76,26.47,29.28,32.92
NFLX,Revenue GR 5Y avg,—,29.82,29.64,29.27,26.50,22.47,25.67,26.94,26.24,24.53,26.31
NFLX,Revenue GR 10Y avg,—,27.73,28.28,27.75,25.51,24.38,25.81,26.95,32.01,37.19,45.39
NFLX,NP GR,—,70.32,115.45,114.55,27.96,18.42,92.65,5.67,-11.26,-47.10,39.65
NFLX,NP GR 3Y avg,—,86.42,47.57,60.88,100.73,-3.76,-5.28,18.15,6.25,-23.84,35.73
NFLX,NP GR 5Y avg,—,32.88,32.04,30.74,23.64,14.29,11.30,28.58,32.96,—,—
NFLX,NP GR 10Y avg,0.0,0.0,0.0,0.0,0.0,0.0,0.0,0.0,0.0,0.0,0.0
NFLX,EPS GR,-8.46,47.22,54.10,114.40,190.70,53.57,-54.63,133.51,537.93,-93.03,40.54
NFLX,EPS GR 3Y avg,—,69.43,112.57,112.32,26.52,17.62,89.07,1.27,-14.50,-47.29,46.61
NFLX,EPS GR 5Y avg,—,85.08,46.26,58.93,97.66,-6.27,-7.91,16.89,6.98,-21.45,42.42
NFLX,EPS GR 10Y avg,—,30.55,30.75,30.40,24.60,15.54,11.84,29.33,43.49,—,—
NFLX,OCF GR,—,—,—,—,—,—,—,-83.15,329.74,-92.83,14.95
NFLX,D/E,1.43,1.43,1.95,1.98,1.81,1.26,1.07,0.48,0.37,0.54,0.62
NFLX,Price,546.54,540.73,323.57,267.66,191.96,123.8,114.38,48.8,52.6,13.23,9.9
NFLX,P/E,89.74,88.79,78.35,99.87,153.57,294.76,402.32,79.07,201.21,318.73,16.26
NKE,Year End,TTM,2020-05,2019-05,2018-05,2017-05,2016-05,2015-05,2014-05,2013-05,2012-05,2011-05
NKE,Revenue,"38,507","37,403","39,117","36,397","34,350","32,376","30,601","27,799","25,313","24,128","20,862"
NKE,NP,"3,428","2,539","4,029","1,933","4,240","3,760","3,273","2,693","2,485","2,223","2,133"
NKE,EPS,2.13,1.60,2.49,1.17,2.51,2.16,1.85,1.49,1.35,1.18,1.10
NKE,DPS,1.04,0.95,0.86,0.78,0.70,0.62,0.54,0.47,0.41,0.35,0.30
NKE,Div Payout,48.8,34.3,32.8,70.4,28.3,27.8,29.7,30.4,31.5,29.4,27.3
NKE,Shares,"1,601","1,591","1,618","1,659","1,692","1,743","1,768","1,811","1,832","1,879","1,942"
NKE,BVPS,7.55,5.81,5.71,6.11,7.74,7.31,7.22,6.40,5.97,5.67,5.26
NKE,OCF,"4,644","2,485","5,903","4,955","3,640","3,096","4,680","3,003","3,027","1,899","1,812"
NKE,NP Margin,8.90,6.79,10.30,5.31,12.34,11.61,10.70,9.69,9.82,9.21,10.22
NKE,ROE,32.69,29.70,42.74,17.40,34.38,30.12,27.82,24.50,23.08,21.98,21.77
NKE,Revenue GR,2.50,-4.38,7.47,5.96,6.10,5.80,10.08,9.82,4.91,15.66,9.72
NKE,Revenue GR 3Y avg,—,2.88,6.51,5.95,7.31,8.55,8.24,10.04,10.01,7.96,3.85
NKE,Revenue GR 5Y avg,—,4.10,7.07,7.53,7.32,9.19,9.98,7.71,6.33,8.13,6.88
NKE,Revenue GR 10Y avg,—,7.00,7.39,6.93,7.72,8.03,8.34,8.54,9.00,9.33,8.20
NKE,NP GR,—,-15.71,2.33,-16.10,16.33,14.80,13.76,8.08,9.23,14.35,4.24
NKE,NP GR 3Y avg,—,-4.95,8.39,-4.90,13.79,12.01,11.41,12.62,5.70,8.31,8.91
NKE,NP GR 5Y avg,—,2.91,10.48,0.26,11.01,10.45,10.45,11.03,18.02,12.86,13.72
NKE,NP GR 10Y avg,0.0,0.0,0.0,0.0,0.0,0.0,0.0,0.0,0.0,0.0,0.0
NKE,EPS GR,69.81,-35.74,112.82,-53.39,16.20,16.76,24.58,9.59,14.59,7.74,13.73
NKE,EPS GR 3Y avg,—,-13.94,4.85,-14.16,19.12,16.82,16.09,10.60,11.98,16.00,5.49
NKE,EPS GR 5Y avg,—,-2.86,10.89,-2.89,16.25,14.50,13.90,14.41,7.70,10.05,10.71
NKE,EPS GR 10Y avg,—,5.19,12.64,2.27,13.11,12.59,12.69,12.97,19.87,14.51,15.05
NKE,OCF GR,—,-57.90,19.13,36.13,17.57,-33.85,55.84,-0.79,59.40,4.80,-42.73
NKE,D/E,1.04,1.53,0.38,0.35,0.28,0.16,0.08,0.11,0.11,0.02,0.03
NKE,Price,134.31,97.97,75.87,69.67,50.74,52.23,47.72,35.69,28.25,24.41,18.72
NKE,P/E,63.35,62.01,30.47,60.58,20.22,24.18,25.8,23.87,20.81,20.64,17.02
NTDOY,Year End,TTM,2020-03,2019-03,2018-03,2017-03,2016-03,2015-03,2014-03,2013-03,2012-03,2011-03
NTDOY,Revenue,"1,690,314","1,308,519","1,200,560","1,055,682","489,095","504,459","549,780","571,726","635,422","647,652","1,014,345"
NTDOY,NP,"438,917","258,641","194,009","139,590","102,574","16,505","41,843","-23,222","7,099","-43,204","77,621"
NTDOY,EPS,460.57,271.40,201.94,145.29,106.73,17.18,44.19,-22.95,6.94,-42.23,75.87
NTDOY,DPS,205.16,136.09,103.47,71.38,53.57,20.02,21.92,12.68,—,16.33,59.59
NTDOY,Div Payout,44.5,49.7,43.7,48.0,19.9,108.6,42.4,—,84.9,—,—
NTDOY,Shares,953,953,961,961,961,961,947,"1,012","1,023","1,023","1,023"
NTDOY,BVPS,16.73,14.55,13.46,13.09,11.79,11.17,10.58,13.08,12.53,13.81,—
NTDOY,OCF,"587,941","347,753","170,529","152,208","19,101","55,190","60,293","-23,114","-40,390","-94,955","78,103"
NTDOY,NP Margin,25.97,19.77,16.16,13.22,20.97,3.27,7.61,-4.06,1.12,-6.67,7.65
NTDOY,ROE,27.14,17.53,14.22,10.86,8.51,1.42,3.66,-1.98,0.59,-3.49,5.93
NTDOY,Revenue GR,9.72,8.99,13.72,115.84,-3.05,-8.24,-3.84,-10.02,-1.89,-36.15,—
NTDOY,Revenue GR 3Y avg,—,38.82,33.51,24.29,-5.07,-7.40,-5.31,-17.40,-23.77,-29.38,—
NTDOY,Revenue GR 5Y avg,—,18.94,16.00,10.69,-5.46,-13.04,-17.45,-20.83,-17.60,-7.70,—
NTDOY,Revenue GR 10Y avg,—,-0.91,-4.17,-4.50,-6.58,-0.09,0.66,1.05,2.35,1.57,—
NTDOY,NP GR,—,36.11,127.37,49.42,—,32.48,—,—,-68.57,—,—
NTDOY,NP GR 3Y avg,—,43.95,—,81.44,—,-26.63,-28.80,—,-51.23,—,—
NTDOY,NP GR 5Y avg,—,1.24,-3.57,-5.93,-5.16,-16.35,-7.10,—,-20.14,—,—
NTDOY,NP GR 10Y avg,0.0,0.0,0.0,0.0,0.0,0.0,0.0,0.0,0.0,0.0,0.0
NTDOY,EPS GR,21.71,34.40,38.99,36.12,521.45,-61.13,—,—,—,—,—
NTDOY,EPS GR 3Y avg,—,36.49,127.39,48.70,—,35.26,—,—,-68.57,—,—
NTDOY,EPS GR 5Y avg,—,43.77,—,83.73,—,-25.70,-27.69,—,-51.23,—,—
NTDOY,EPS GR 10Y avg,—,1.96,-2.96,-5.34,-4.57,-15.75,-6.09,—,-19.44,—,—
NTDOY,OCF GR,—,103.93,12.04,696.86,-65.39,-8.46,—,—,—,—,—
NTDOY,D/E,—,—,—,—,—,—,—,—,—,—,—
NTDOY,Price,74.85,48.28,35.87,55.51,29.02,17.75,18.43,14.89,13.44,18.96,33.74
NVAX,Year End,TTM,2020-12,2019-12,2018-12,2017-12,2016-12,2015-12,2014-12,2013-12,2012-12,2011-12
NVAX,Revenue,476,476,19,34,31,15,36,31,21,22,15
NVAX,NP,-418,-418,-133,-185,-184,-280,-157,-83,-52,-29,-19
NVAX,EPS,-7.27,-7.27,-5.51,-9.99,-12.56,-20.60,-12.00,-7.40,-6.20,-4.40,-3.40
NVAX,DPS,—,—,—,—,—,—,—,—,—,—,—
NVAX,Div Payout,—,—,—,—,—,—,—,—,—,—,—
NVAX,Shares,58,58,24,18,15,14,13,11,8,7,6
NVAX,BVPS,8.49,1.50,-5.87,-6.59,-4.59,3.67,27.19,21.91,20.76,10.85,9.33
NVAX,OCF,-43,-43,-137,-185,-139,-255,-126,-67,-45,-18,-24
NVAX,NP Margin,-87.94,-87.94,-711.04,-538.81,-589.46,—,-432.93,-270.55,-248.54,-129.13,-131.84
NVAX,ROE,-189.60,-189.60,—,—,—,-195.01,-60.10,-38.33,-36.68,-42.52,-34.30
NVAX,Revenue GR,3072.18,2448.48,-45.57,9.98,103.06,-57.65,18.24,46.59,-5.26,50.30,4182.22
NVAX,Revenue GR 3Y avg,—,148.01,6.72,-1.84,0.56,-9.79,17.98,27.80,293.60,308.02,139.89
NVAX,Revenue GR 5Y avg,—,67.33,-9.45,10.39,7.15,0.89,153.98,148.28,81.43,70.93,25.69
NVAX,Revenue GR 10Y avg,—,106.16,49.94,41.52,35.33,12.61,17.24,14.01,5.90,3.94,-4.82
NVAX,NP GR,—,—,—,—,—,—,—,—,—,—,—
NVAX,NP GR 3Y avg,—,—,—,—,—,—,—,—,—,—,—
NVAX,NP GR 5Y avg,—,—,—,—,—,—,—,—,—,—,—
NVAX,NP GR 10Y avg,0.0,0.0,0.0,0.0,0.0,0.0,0.0,0.0,0.0,0.0,0.0
NVAX,EPS GR,138.94,—,—,—,—,—,—,—,—,—,—
NVAX,EPS GR 3Y avg,—,—,—,—,—,—,—,—,—,—,—
NVAX,EPS GR 5Y avg,—,—,—,—,—,—,—,—,—,—,—
NVAX,EPS GR 10Y avg,—,—,—,—,—,—,—,—,—,—,—
NVAX,OCF GR,—,—,—,—,—,—,—,—,—,—,—
NVAX,D/E,0.58,0.58,—,—,—,—,—,—,0.01,0.01,0.01
NVAX,Price,227.35,111.51,3.98,36.8,24.8,25.2,167.8,118.6,102.4,37.8,25.2
NVAX,P/E,0.0,0.0,0.0,0.0,0.0,0.0,0.0,0.0,0.0,0.0,0.0
NVDA,Year End,TTM,2021-01,2020-01,2019-01,2018-01,2017-01,2016-01,2015-01,2014-01,2013-01,2012-01
NVDA,Revenue,"16,675","16,675","10,918","11,716","9,714","6,910","5,010","4,682","4,130","4,280","3,998"
NVDA,NP,"4,332","4,332","2,796","4,141","3,047","1,666",614,631,440,563,581
NVDA,EPS,6.90,6.90,4.52,6.63,4.82,2.57,1.08,1.12,0.74,0.90,0.94
NVDA,DPS,0.64,0.64,0.64,0.61,0.57,0.48,0.39,0.34,0.31,0.07,—
NVDA,Div Payout,9.2,10.5,16.4,8.0,13.9,23.5,34.1,33.3,39.0,—,—
NVDA,Shares,628,628,618,625,632,649,569,563,595,625,616
NVDA,BVPS,27.25,24.73,18.31,15.64,10.48,9.10,8.30,7.72,7.61,7.66,6.77
NVDA,OCF,"5,822","5,822","4,761","3,743","3,502","1,672","1,175",906,835,824,909
NVDA,NP Margin,25.98,25.98,25.61,35.34,31.37,24.11,12.26,13.47,10.65,13.14,14.53
NVDA,ROE,29.78,29.78,25.95,49.26,46.05,32.57,13.82,14.21,9.48,12.54,15.86
NVDA,Revenue GR,61.13,52.73,-6.81,20.61,40.58,37.92,7.02,13.35,-3.50,7.06,12.83
NVDA,Revenue GR 3Y avg,—,19.74,16.47,32.73,27.55,18.71,5.39,5.40,5.24,8.77,5.29
NVDA,Revenue GR 5Y avg,—,27.19,18.45,23.19,17.81,11.57,7.17,7.07,3.82,0.87,5.43
NVDA,Revenue GR 10Y avg,—,16.75,12.62,13.09,9.01,8.46,7.75,8.82,8.52,8.41,11.31
NVDA,NP GR,—,12.44,18.84,88.93,69.06,55.86,2.96,2.76,20.23,—,—
NVDA,NP GR 3Y avg,—,47.81,34.70,56.58,40.20,23.45,19.39,—,—,-6.75,5.30
NVDA,NP GR 5Y avg,—,32.84,—,—,14.34,14.01,7.33,20.18,19.45,20.01,12.63
NVDA,NP GR 10Y avg,0.0,0.0,0.0,0.0,0.0,0.0,0.0,0.0,0.0,0.0,0.0
NVDA,EPS GR,50.98,52.65,-31.83,37.55,87.55,137.96,-3.57,51.35,-17.78,-4.26,118.60
NVDA,EPS GR 3Y avg,—,12.70,20.71,83.10,62.66,51.44,6.27,6.01,19.84,—,—
NVDA,EPS GR 5Y avg,—,44.91,32.19,55.04,39.88,22.28,20.22,—,—,-7.23,4.15
NVDA,EPS GR 10Y avg,—,31.99,—,—,13.91,12.85,6.98,19.41,17.83,17.46,10.59
NVDA,OCF GR,—,22.29,27.20,6.88,109.45,42.30,29.74,8.44,1.33,-9.35,34.53
NVDA,D/E,0.39,0.39,0.21,0.21,0.27,0.35,—,0.32,0.31,—,0.01
NVDA,Price,636.5,519.42,235.96,142.9,243.92,107.93,28.68,18.5,14.86,11.35,13.59
NVDA,P/E,92.38,75.39,52.2,21.55,50.61,42.33,26.56,16.52,20.08,12.62,14.31
NXPI,Year End,TTM,2020-12,2019-12,2018-12,2017-12,2016-12,2015-12,2014-12,2013-12,2012-12,2011-12
NXPI,Revenue,"8,612","8,612","8,877","9,407","9,256","9,498","6,101","5,647","4,815","4,358","4,194"
NXPI,NP,52,52,243,"2,208","2,215",200,"1,526",539,348,-115,390
NXPI,EPS,0.18,0.18,0.85,6.72,6.41,0.58,6.10,2.17,1.36,-0.46,1.57
NXPI,DPS,1.50,1.50,1.25,0.50,—,—,—,—,—,—,—
NXPI,Div Payout,833.3,—,76.0,3.2,—,—,—,—,—,—,—
NXPI,Shares,284,284,286,329,346,348,250,249,255,248,249
NXPI,BVPS,32.44,31.65,33.36,36.32,37.37,31.46,2.60,2.33,4.86,4.21,5.39
NXPI,OCF,"2,482","2,482","2,373","4,369","2,447","2,303","1,330","1,468",891,722,195
NXPI,NP Margin,0.60,0.60,2.74,23.47,23.93,2.11,25.01,9.54,7.23,-2.64,9.30
NXPI,ROE,0.57,0.57,2.44,18.38,18.11,1.78,25.32,58.62,29.62,-10.48,36.60
NXPI,Revenue GR,8.95,-2.99,-5.63,1.63,-2.55,55.68,8.04,17.28,10.49,3.91,-4.73
NXPI,Revenue GR 3Y avg,—,-2.38,-2.23,15.53,17.91,25.41,11.87,10.42,3.03,4.28,-8.32
NXPI,Revenue GR 5Y avg,—,7.14,9.47,14.33,16.26,17.76,6.75,8.00,-2.42,—,—
NXPI,Revenue GR 10Y avg,—,6.94,8.73,5.62,—,—,—,—,—,—,—
NXPI,NP GR,—,-71.37,6.71,13.10,60.18,-16.86,—,11.39,—,—,—
NXPI,NP GR 3Y avg,—,-49.13,-14.73,44.71,—,-12.50,—,—,—,—,—
NXPI,NP GR 5Y avg,—,—,—,—,—,—,—,—,—,—,—
NXPI,NP GR 10Y avg,0.0,0.0,0.0,0.0,0.0,0.0,0.0,0.0,0.0,0.0,0.0
NXPI,EPS GR,170.00,-78.82,-87.35,4.84,—,-90.49,181.11,59.56,—,—,—
NXPI,EPS GR 3Y avg,—,-69.60,13.59,3.28,43.48,-24.73,—,11.45,—,—,—
NXPI,EPS GR 5Y avg,—,-50.57,-17.09,37.65,—,-18.03,—,—,—,—,—
NXPI,EPS GR 10Y avg,—,—,—,—,—,—,—,—,—,—,—
NXPI,OCF GR,—,4.59,-45.69,78.55,6.25,73.16,-9.40,64.76,23.41,270.26,-47.15
NXPI,D/E,0.85,0.85,0.78,0.59,0.43,0.80,0.75,7.40,2.52,3.04,3.27
NXPI,Price,199.38,158.52,125.26,71.29,113.24,94.78,81.48,73.88,44.42,25.45,14.86
NXPI,P/E,1329.2,1056.83,147.36,10.38,17.67,0.0,14.0,34.05,33.15,121.21,9.65
ORCL,Year End,TTM,2020-05,2019-05,2018-05,2017-05,2016-05,2015-05,2014-05,2013-05,2012-05,2011-05
ORCL,Revenue,"39,691","39,068","39,506","39,831","37,728","37,047","38,226","38,275","37,180","37,121","35,622"
ORCL,NP,"12,830","10,135","11,083","3,825","9,335","8,901","9,938","10,955","10,925","9,981","8,547"
ORCL,EPS,4.17,3.08,2.97,0.85,2.24,2.07,2.21,2.38,2.26,1.96,1.67
ORCL,DPS,0.96,0.96,0.81,0.76,0.64,0.60,0.51,0.48,0.30,0.24,0.21
ORCL,Div Payout,23.0,30.6,27.5,88.4,28.4,29.5,20.1,15.1,16.8,12.2,12.6
ORCL,Shares,"3,078","3,294","3,732","4,238","4,217","4,305","4,503","4,604","4,844","5,095","5,128"
ORCL,BVPS,3.09,4.64,7.06,11.96,12.23,11.10,11.07,10.02,9.33,8.91,7.85
ORCL,OCF,"14,659","13,139","14,551","15,386","14,126","13,561","14,336","14,921","14,224","13,743","11,214"
ORCL,NP Margin,32.32,25.94,28.05,9.60,24.74,24.03,26.00,28.62,29.38,26.89,23.99
ORCL,ROE,110.91,59.87,32.83,7.68,18.46,18.55,20.80,23.94,24.74,23.92,24.22
ORCL,Revenue GR,2.95,-1.11,-0.82,5.57,1.84,-3.08,-0.13,2.95,0.16,4.21,32.82
ORCL,Revenue GR 3Y avg,—,1.17,2.17,1.38,-0.48,-0.12,0.98,2.42,11.50,16.87,16.67
ORCL,Revenue GR 5Y avg,—,0.44,0.64,1.39,0.32,0.79,7.34,10.48,10.64,15.58,19.89
ORCL,Revenue GR 10Y avg,—,3.83,5.44,5.91,7.68,9.93,12.47,14.19,14.65,14.39,12.61
ORCL,NP GR,—,2.78,7.58,-27.26,-5.19,-6.60,-0.14,8.63,21.21,21.30,15.68
ORCL,NP GR 3Y avg,—,0.39,0.23,-18.93,-1.33,0.82,10.13,14.39,14.63,18.49,20.38
ORCL,NP GR 5Y avg,—,5.15,7.08,-3.60,8.13,10.16,13.16,15.11,16.83,16.20,12.81
ORCL,NP GR 10Y avg,0.0,0.0,0.0,0.0,0.0,0.0,0.0,0.0,0.0,0.0,0.0
ORCL,EPS GR,112.66,3.70,230.00,-59.28,6.76,-6.33,-7.14,5.31,15.31,17.37,38.02
ORCL,EPS GR 3Y avg,—,11.70,12.79,-25.88,-2.44,-2.88,4.08,12.53,23.15,21.60,16.36
ORCL,EPS GR 5Y avg,—,6.86,4.53,-16.82,2.43,4.39,12.80,16.90,16.35,19.33,21.15
ORCL,EPS GR 10Y avg,—,9.79,10.54,-1.62,10.56,12.46,14.92,16.89,18.05,17.52,14.27
ORCL,OCF GR,—,-9.70,-5.43,8.92,4.17,-5.41,-3.92,4.90,3.50,22.55,29.18
ORCL,D/E,7.14,5.73,2.37,1.23,0.89,0.85,0.82,0.48,0.41,0.31,0.37
ORCL,Price,78.95,52.9,48.92,44.62,42.67,37.2,39.63,37.82,29.99,23.28,29.85
ORCL,P/E,31.45,17.07,16.25,50.7,19.4,17.97,17.85,15.83,13.27,11.82,17.87
PFE,Year End,TTM,2020-12,2019-12,2018-12,2017-12,2016-12,2015-12,2014-12,2013-12,2012-12,2011-12
PFE,Revenue,"41,908","41,908","51,750","53,647","52,546","52,824","48,851","49,605","51,584","58,986","67,425"
PFE,NP,"9,616","9,616","16,273","11,153","21,308","7,215","6,960","9,135","22,003","14,570","10,009"
PFE,EPS,1.71,1.71,2.87,1.87,3.52,1.17,1.11,1.42,3.19,1.94,1.27
PFE,DPS,1.52,1.52,1.44,1.36,1.28,1.20,1.12,1.04,0.96,0.88,0.80
PFE,Div Payout,122.5,96.7,49.6,33.9,77.8,118.0,82.7,63.0,62.3,69.8,61.4
PFE,Shares,"5,632","5,632","5,675","5,977","6,058","6,159","6,257","6,424","6,895","7,508","7,870"
PFE,BVPS,11.34,11.72,11.76,12.47,10.16,10.43,10.82,12.39,12.18,11.16,11.88
PFE,OCF,"14,403","14,403","12,588","15,827","16,470","15,901","14,512","16,883","17,765","17,054","20,240"
PFE,NP Margin,22.95,22.95,31.44,20.79,40.55,13.66,14.25,18.41,42.65,24.70,14.84
PFE,ROE,15.22,15.22,25.72,16.56,32.58,11.62,10.24,12.38,27.94,17.83,11.78
PFE,Revenue GR,-53.13,-19.02,-3.54,2.10,-0.53,8.13,-1.52,-3.84,-12.55,-12.52,-0.57
PFE,Revenue GR 3Y avg,—,-7.26,-0.68,3.17,1.94,0.79,-6.09,-9.72,-8.71,5.66,11.76
PFE,Revenue GR 5Y avg,—,-3.02,0.85,0.79,-2.29,-4.76,-6.35,-0.16,1.33,4.03,6.87
PFE,Revenue GR 10Y avg,—,-4.70,0.34,1.06,0.82,0.88,-0.49,-0.57,1.33,6.18,7.65
PFE,NP GR,—,-23.30,31.14,17.02,32.62,-31.04,-21.83,-3.00,38.64,19.05,7.29
PFE,NP GR 3Y avg,—,6.68,12.24,-12.71,7.90,-6.34,-3.36,1.13,22.11,12.34,-12.34
PFE,NP GR 5Y avg,—,1.54,6.54,3.25,10.10,-9.39,-1.49,-2.16,18.86,4.79,2.54
PFE,NP GR 10Y avg,0.0,0.0,0.0,0.0,0.0,0.0,0.0,0.0,0.0,0.0,0.0
PFE,EPS GR,-266.67,-40.42,53.48,-46.88,200.85,5.41,-21.83,-55.49,64.43,52.76,24.51
PFE,EPS GR 3Y avg,—,-21.39,34.86,18.99,35.34,-28.42,-16.98,3.79,46.24,16.40,1.91
PFE,EPS GR 5Y avg,—,9.03,15.11,-10.13,12.65,-1.63,1.71,2.91,21.60,10.64,-13.75
PFE,EPS GR 10Y avg,—,5.30,8.84,4.54,11.64,-7.89,0.18,-0.48,19.44,2.88,0.40
PFE,OCF GR,—,14.42,-20.47,-3.90,3.58,9.57,-14.04,-4.96,4.17,-15.74,76.71
PFE,D/E,0.56,0.56,0.57,0.51,0.46,0.53,0.45,0.44,0.40,0.38,0.43
PFE,Price,38.57,36.41,35.29,37.91,30.38,26.21,25.09,23.43,22.25,17.63,14.64
PFE,P/E,22.56,21.29,12.3,20.38,8.65,22.6,20.24,16.5,7.09,9.04,11.44
PLNT,Year End,TTM,2020-12,2019-12,2018-12,2017-12,2016-12,2015-12,2014-12,2013-12,2012-12,2011-12
PLNT,Revenue,407,407,689,573,430,378,331,280,211,—,—
PLNT,NP,-15,-15,118,88,33,22,19,37,25,—,—
PLNT,EPS,-0.19,-0.19,1.41,1.00,0.42,0.50,0.19,1.04,0.72,—,—
PLNT,DPS,—,—,—,—,—,—,—,—,—,—,—
PLNT,Div Payout,—,—,—,—,—,—,—,—,—,—,—
PLNT,Shares,80,80,84,88,79,43,99,35,35,—,—
PLNT,BVPS,-8.15,-8.32,-5.04,-1.09,-1.19,0.10,-0.19,—,—,—,—
PLNT,OCF,31,31,204,184,131,109,82,79,67,—,—
PLNT,NP Margin,-3.69,-3.69,17.09,15.36,7.71,5.68,5.60,2.16,12.06,—,—
PLNT,ROE,—,—,—,—,—,—,28.46,2.62,8.06,—,—
PLNT,Revenue GR,-30.15,-40.97,20.23,33.25,13.67,14.43,18.14,32.59,—,—,—
PLNT,Revenue GR 3Y avg,—,-1.84,22.12,20.12,15.40,21.48,—,—,—,—,—
PLNT,Revenue GR 5Y avg,—,4.23,19.74,22.11,—,—,—,—,—,—,—
PLNT,Revenue GR 10Y avg,—,—,—,—,—,—,—,—,—,—,—
PLNT,NP GR,—,—,76.24,68.14,-3.43,-5.45,—,—,—,—,—
PLNT,NP GR 3Y avg,—,—,26.17,28.18,—,—,—,—,—,—,—
PLNT,NP GR 5Y avg,—,—,—,—,—,—,—,—,—,—,—
PLNT,NP GR 10Y avg,0.0,0.0,0.0,0.0,0.0,0.0,0.0,0.0,0.0,0.0,0.0
PLNT,EPS GR,-69.44,—,41.00,138.10,-16.00,166.52,10.35,-76.46,—,—,—
PLNT,EPS GR 3Y avg,—,—,41.28,74.69,35.19,-11.53,—,—,—,—,—
PLNT,EPS GR 5Y avg,—,—,52.67,6.73,—,—,—,—,—,—,—
PLNT,EPS GR 10Y avg,—,—,—,—,—,—,—,—,—,—,—
PLNT,OCF GR,—,-84.76,10.80,40.74,20.40,33.25,2.84,18.62,—,—,—
PLNT,D/E,—,—,—,—,—,—,—,2.63,0.55,—,—
PLNT,Price,88.3,77.63,74.68,53.62,34.63,20.1,0.0,0.0,0.0,0.0,0.0
PLNT,P/E,0.0,0.0,53.34,53.09,78.7,43.7,0.0,0.0,0.0,0.0,0.0
PYPL,Year End,TTM,2020-12,2019-12,2018-12,2017-12,2016-12,2015-12,2014-12,2013-12,2012-12,2011-12
PYPL,Revenue,"21,454","21,454","17,772","15,451","13,094","10,842","9,248","8,025","6,727","5,662",—
PYPL,NP,"4,202","4,202","2,459","2,057","1,795","1,401","1,228",419,955,778,—
PYPL,EPS,3.54,3.54,2.07,1.71,1.47,1.15,1.00,0.34,—,—,—
PYPL,DPS,—,—,—,—,—,—,—,—,—,—,—
PYPL,Div Payout,—,—,—,—,—,—,—,—,—,—,—
PYPL,Shares,"1,187","1,187","1,188","1,203","1,221","1,218","1,229","1,224",—,—,—
PYPL,BVPS,17.05,15.77,14.05,12.87,12.86,11.76,10.80,—,—,—,—
PYPL,OCF,"5,854","5,854","4,561","5,483","2,531","3,158","2,546","2,220","1,993","1,565",—
PYPL,NP Margin,19.59,19.59,13.84,13.31,13.71,12.92,13.28,5.22,14.20,13.74,—
PYPL,ROE,22.77,22.77,15.24,13.11,11.69,9.84,11.16,5.36,12.92,—,—
PYPL,Revenue GR,23.28,20.72,15.02,18.00,20.77,17.24,15.24,19.30,18.81,—,—
PYPL,Revenue GR 3Y avg,—,17.89,17.91,18.66,17.73,17.25,17.77,—,—,—,—
PYPL,Revenue GR 5Y avg,—,18.33,17.24,18.09,18.26,—,—,—,—,—,—
PYPL,Revenue GR 10Y avg,—,—,—,—,—,—,—,—,—,—,—
PYPL,NP GR,—,32.78,20.63,18.76,62.41,13.63,16.43,—,—,—,—
PYPL,NP GR 3Y avg,—,27.89,42.47,16.59,18.20,—,—,—,—,—,—
PYPL,NP GR 5Y avg,—,—,—,—,—,—,—,—,—,—,—
PYPL,NP GR 10Y avg,0.0,0.0,0.0,0.0,0.0,0.0,0.0,0.0,0.0,0.0,0.0
PYPL,EPS GR,206.98,71.01,21.05,16.33,27.83,15.00,222.58,—,—,—,—
PYPL,EPS GR 3Y avg,—,34.04,21.64,19.58,68.00,—,—,—,—,—,—
PYPL,EPS GR 5Y avg,—,28.77,46.19,—,—,—,—,—,—,—,—
PYPL,EPS GR 10Y avg,—,—,—,—,—,—,—,—,—,—,—
PYPL,OCF GR,—,28.35,-16.82,116.63,-19.85,24.04,14.68,11.39,27.35,—,—
PYPL,D/E,0.45,0.45,0.29,—,—,—,—,0.05,0.07,—,—
PYPL,Price,269.87,234.2,108.17,84.09,73.62,39.47,0.0,0.0,0.0,0.0,0.0
PYPL,P/E,76.23,66.16,52.26,49.18,50.08,34.03,0.0,0.0,0.0,0.0,0.0
QCOM,Year End,TTM,2020-09,2019-09,2018-09,2017-09,2016-09,2015-09,2014-09,2013-09,2012-09,2011-09
QCOM,Revenue,"26,689","23,531","24,273","22,732","22,291","23,554","25,281","26,487","24,866","19,121","14,957"
QCOM,NP,"6,728","5,198","4,386","-4,864","2,466","5,705","5,271","7,967","6,853","6,109","4,260"
QCOM,EPS,5.84,4.52,3.59,-3.39,1.64,3.81,3.22,4.65,3.91,3.51,2.52
QCOM,DPS,2.57,2.54,2.48,2.38,2.20,2.02,1.80,1.54,1.20,0.93,0.81
QCOM,Div Payout,44.0,105.9,86.7,—,82.8,57.4,47.7,35.4,29.3,30.2,30.0
QCOM,Shares,"1,148","1,149","1,220","1,463","1,490","1,498","1,639","1,714","1,754","1,741","1,691"
QCOM,BVPS,6.50,2.92,4.77,18.92,21.23,20.76,21.79,23.24,22.30,19.10,16.03
QCOM,OCF,"7,871","5,814","7,286","3,895","4,693","7,400","5,506","8,887","8,778","5,998","4,900"
QCOM,NP Margin,25.21,22.09,18.07,-21.40,11.06,24.22,20.85,30.08,27.56,31.95,28.48
QCOM,ROE,113.14,94.63,150.28,-30.71,7.89,18.05,14.93,21.17,19.69,20.20,17.82
QCOM,Revenue GR,62.20,-3.06,6.78,1.98,-5.36,-6.83,-4.55,6.52,30.05,27.84,36.08
QCOM,Revenue GR 3Y avg,—,1.82,1.01,-3.48,-5.59,-1.79,9.76,20.98,31.28,22.44,10.31
QCOM,Revenue GR 5Y avg,—,-1.42,-1.73,-1.78,3.12,9.51,18.13,20.52,17.42,16.60,14.72
QCOM,Revenue GR 10Y avg,—,7.91,8.83,7.39,9.65,12.09,16.12,18.43,20.14,20.19,18.76
QCOM,NP GR,—,28.22,-8.39,—,-32.36,-5.93,-4.80,23.21,28.27,56.56,10.47
QCOM,NP GR 3Y avg,—,-0.28,-11.25,—,-16.59,6.02,10.17,38.00,16.75,13.09,11.52
QCOM,NP GR 5Y avg,—,4.82,10.67,—,-2.88,8.73,9.42,16.57,23.54,32.74,—
QCOM,NP GR 10Y avg,0.0,0.0,0.0,0.0,0.0,0.0,0.0,0.0,0.0,0.0,0.0
QCOM,EPS GR,165.00,25.91,—,—,-56.69,18.32,-30.75,18.93,11.40,39.29,28.57
QCOM,EPS GR 3Y avg,—,39.92,-1.96,—,-29.20,-0.86,-2.83,22.65,25.88,54.59,9.87
QCOM,EPS GR 5Y avg,—,7.02,-5.04,—,-14.01,8.62,10.44,37.39,15.53,12.47,11.84
QCOM,EPS GR 10Y avg,—,8.71,14.22,—,-1.66,10.22,9.84,16.27,22.71,31.91,—
QCOM,OCF GR,—,-20.20,87.06,-17.00,-36.58,34.40,-38.04,1.24,46.35,22.41,20.22
QCOM,D/E,2.06,2.51,2.74,16.56,0.63,0.31,0.32,—,—,—,—
QCOM,Price,138.21,116.6,73.49,66.74,46.32,58.93,44.54,60.33,53.23,48.49,37.16
QCOM,P/E,23.63,25.74,20.47,0.0,28.07,15.47,13.92,12.97,13.61,13.82,14.69
RGEN,Year End,TTM,2020-12,2019-12,2018-12,2017-12,2016-12,2015-12,2014-12,2013-12,2012-12,2011-03
RGEN,Revenue,366,366,270,194,141,105,84,64,68,62,27
RGEN,NP,60,60,21,17,28,12,9,8,16,14,—
RGEN,EPS,1.11,1.11,0.44,0.37,0.72,0.34,0.28,0.25,0.50,0.45,—
RGEN,DPS,—,—,—,—,—,—,—,—,—,—,—
RGEN,Div Payout,—,—,—,—,—,—,—,—,—,—,—
RGEN,Shares,54,54,49,45,39,34,34,33,32,31,31
RGEN,BVPS,27.92,20.54,20.07,13.81,13.23,4.92,3.68,3.50,3.14,2.70,—
RGEN,OCF,63,63,67,33,17,8,15,18,26,13,3
RGEN,NP Margin,16.36,16.36,7.92,8.56,20.07,11.17,11.19,12.86,23.61,22.73,-0.16
RGEN,ROE,4.63,4.63,2.56,2.75,7.46,8.01,7.97,7.58,17.12,18.86,-0.07
RGEN,Revenue GR,56.39,35.53,39.28,37.38,35.10,25.14,31.45,-6.78,9.48,59.95,—
RGEN,Revenue GR 3Y avg,—,37.39,37.24,32.43,30.50,15.32,10.29,25.24,36.87,22.16,—
RGEN,Revenue GR 5Y avg,—,34.39,33.58,23.27,17.80,26.26,27.14,14.36,24.52,29.46,—
RGEN,Revenue GR 10Y avg,—,30.44,22.91,23.93,23.90,21.45,22.56,22.90,22.36,28.19,—
RGEN,NP GR,—,28.33,22.38,21.15,51.40,-10.13,-12.93,—,—,27.13,—
RGEN,NP GR 3Y avg,—,45.01,21.25,0.64,14.90,—,—,6.31,-13.51,—,—
RGEN,NP GR 5Y avg,—,—,13.00,-7.20,—,29.95,—,—,—,—,—
RGEN,NP GR 10Y avg,0.0,0.0,0.0,0.0,0.0,0.0,0.0,0.0,0.0,0.0,0.0
RGEN,EPS GR,414.29,152.27,18.92,-48.61,111.76,21.43,12.00,-50.00,11.11,—,—
RGEN,EPS GR 3Y avg,—,15.52,8.97,9.74,42.28,-12.06,-14.63,—,—,27.63,—
RGEN,EPS GR 5Y avg,—,31.71,11.97,-5.84,9.86,—,—,5.87,-13.86,—,—
RGEN,EPS GR 10Y avg,—,—,8.66,-10.22,—,30.12,—,—,—,—,—
RGEN,OCF GR,—,-6.83,105.11,87.78,132.03,-50.04,-18.20,-29.03,92.94,125.13,—
RGEN,D/E,0.02,0.02,0.25,—,0.17,0.56,—,—,—,—,—
RGEN,Price,213.3,191.63,92.5,52.74,36.28,30.82,28.29,19.8,13.64,6.28,3.74
RGEN,P/E,192.16,172.64,210.23,146.5,51.1,90.65,97.55,79.2,27.84,13.96,0.0
SE,Year End,TTM,2019-12,2018-12,2017-12,2016-12,2015-12,2014-12,2013-12,2012-12,2011-12,2010-12
SE,Revenue,"3,586","2,175",827,414,346,292,161,—,—,—,—
SE,NP,"-1,378","-1,463",-961,-560,-223,-103,-88,—,—,—,—
SE,EPS,-2.92,-3.35,-2.84,-2.72,-0.85,-0.40,-0.34,—,—,—,—
SE,DPS,—,—,—,—,—,—,—,—,—,—,—
SE,Div Payout,—,—,—,—,—,—,—,—,—,—,—
SE,Shares,469,437,338,206,261,261,257,—,—,—,—
SE,BVPS,6.51,2.70,0.07,-1.27,—,—,—,—,—,—,—
SE,OCF,343,70,-495,-334,-115,-25,2,—,—,—,—
SE,NP Margin,-38.43,-67.24,-116.24,-135.32,-64.47,-35.38,-54.98,—,—,—,—
SE,ROE,-138.26,-318.25,-851.09,-326.48,—,-510.50,—,—,—,—,—
SE,Revenue GR,98.67,163.05,99.66,19.82,18.33,81.72,—,—,—,—,—
SE,Revenue GR 3Y avg,—,84.63,41.46,37.09,—,—,—,—,—,—,—
SE,Revenue GR 5Y avg,—,68.37,—,—,—,—,—,—,—,—,—
SE,Revenue GR 10Y avg,—,—,—,—,—,—,—,—,—,—,—
SE,NP GR,—,—,—,—,—,—,—,—,—,—,—
SE,NP GR 3Y avg,—,—,—,—,—,—,—,—,—,—,—
SE,NP GR 5Y avg,—,—,—,—,—,—,—,—,—,—,—
SE,NP GR 10Y avg,0.0,0.0,0.0,0.0,0.0,0.0,0.0,0.0,0.0,0.0,0.0
SE,EPS GR,95.55,—,—,—,—,—,—,—,—,—,—
SE,EPS GR 3Y avg,—,—,—,—,—,—,—,—,—,—,—
SE,EPS GR 5Y avg,—,—,—,—,—,—,—,—,—,—,—
SE,EPS GR 10Y avg,—,—,—,—,—,—,—,—,—,—,—
SE,OCF GR,—,—,—,—,—,—,—,—,—,—,—
SE,D/E,2.81,1.30,—,1.55,—,—,—,—,—,—,—
SE,Price,252.42,40.22,11.32,0.0,0.0,0.0,0.0,0.0,0.0,0.0,0.0
SE,P/E,0.0,0.0,0.0,0.0,0.0,0.0,0.0,0.0,0.0,0.0,0.0
SBUX,Year End,TTM,2020-09,2019-09,2018-09,2017-09,2016-09,2015-09,2014-09,2013-09,2012-09,2011-09
SBUX,Revenue,"23,170","23,518","26,508","24,720","22,386","21,316","19,163","16,447","14,892","13,300","11,700"
SBUX,NP,664,928,"3,599","4,518","2,884","2,817","2,757","2,068",8,"1,383","1,246"
SBUX,EPS,0.57,0.79,2.92,3.24,1.97,1.90,1.82,1.35,0.01,0.90,0.81
SBUX,DPS,1.68,1.64,1.44,1.26,1.00,0.80,0.64,0.52,0.42,0.34,0.26
SBUX,Div Payout,294.7,142.0,51.1,35.8,48.0,42.7,34.3,319.3,38.3,35.6,32.1
SBUX,Shares,"1,179","1,181","1,233","1,394","1,462","1,487","1,513","1,526","1,525","1,546","1,539"
SBUX,BVPS,-6.72,-7.35,-3.65,3.05,4.04,3.90,3.94,3.38,3.81,3.59,2.94
SBUX,OCF,"1,597","1,597","5,047","11,937","4,174","4,575","3,749",607,"2,908","1,750","1,612"
SBUX,NP Margin,2.87,3.95,13.58,18.28,12.89,13.22,14.39,12.57,0.06,10.40,10.65
SBUX,ROE,—,—,—,136.51,50.90,48.16,49.73,42.41,0.17,29.15,30.91
SBUX,Revenue GR,-4.90,-11.28,7.24,10.42,5.02,11.24,16.51,10.45,11.98,13.67,9.27
SBUX,Revenue GR 3Y avg,—,1.66,7.54,8.86,10.82,12.70,12.95,12.02,11.62,10.81,4.06
SBUX,Revenue GR 5Y avg,—,4.18,10.02,10.67,10.98,12.75,12.35,10.97,7.48,7.16,8.48
SBUX,Revenue GR 10Y avg,—,8.19,10.49,9.06,9.05,10.59,11.64,12.00,13.84,14.99,16.01
SBUX,NP GR,—,-31.47,8.50,17.89,11.73,597.60,25.84,18.41,-79.37,52.42,58.05
SBUX,NP GR 3Y avg,—,-19.57,11.72,252.52,15.83,17.73,23.87,39.55,-51.69,15.52,17.16
SBUX,NP GR 5Y avg,—,-0.18,24.86,30.50,15.67,17.45,18.75,18.10,-29.36,20.46,21.26
SBUX,NP GR 10Y avg,0.0,0.0,0.0,0.0,0.0,0.0,0.0,0.0,0.0,0.0,0.0
SBUX,EPS GR,-28.38,-72.95,-9.88,64.47,3.68,4.40,34.32,—,-99.44,10.49,30.65
SBUX,EPS GR 3Y avg,—,-26.26,15.40,21.20,13.29,624.32,26.69,18.71,-79.95,50.99,55.60
SBUX,EPS GR 5Y avg,—,-15.37,16.60,265.02,17.09,18.59,24.03,39.12,-52.87,15.52,17.94
SBUX,EPS GR 10Y avg,—,2.45,27.36,31.16,16.30,18.26,28.14,19.02,-29.61,20.82,21.56
SBUX,OCF GR,—,-68.34,-57.72,185.98,-8.76,22.03,516.83,-79.10,66.16,8.55,-5.43
SBUX,D/E,—,—,—,7.77,0.72,0.54,0.40,0.39,0.29,0.11,0.13
SBUX,Price,118.34,85.14,85.85,54.4,50.24,49.75,51.53,33.74,33.94,22.04,15.98
SBUX,P/E,211.32,110.58,29.3,16.95,25.5,26.19,28.31,24.9,30.03,24.63,19.73
SEDG,Year End,TTM,2020-12,2019-12,2018-12,2017-12,2016-06,2015-06,2014-06,2013-06,2012-06,2011-06
SEDG,Revenue,"1,459","1,459","1,426",937,607,490,325,133,79,75,—
SEDG,NP,140,140,147,129,84,77,21,-21,-28,-28,—
SEDG,EPS,2.66,2.66,2.90,2.69,1.85,1.73,0.27,-0.72,-0.95,-0.73,—
SEDG,DPS,—,—,—,—,—,—,—,—,—,—,—
SEDG,Div Payout,—,—,—,—,—,—,—,—,—,—,—
SEDG,Shares,53,53,50,48,45,44,15,32,32,39,—
SEDG,BVPS,21.05,20.02,14.97,11.70,8.43,—,—,—,—,—,—
SEDG,OCF,223,223,259,189,137,52,12,-18,-23,-22,—
SEDG,NP Margin,9.62,9.62,10.28,13.75,13.87,15.64,1.10,-16.05,-35.66,-36.87,—
SEDG,ROE,14.79,14.79,21.33,26.84,24.53,36.22,22.57,—,—,—,—
SEDG,Revenue GR,-14.37,2.36,52.11,54.39,15.33,50.68,144.02,68.55,4.89,—,—
SEDG,Revenue GR 3Y avg,—,33.96,35.65,35.25,54.11,83.69,62.79,—,—,—,—
SEDG,Revenue GR 5Y avg,—,31.33,53.79,56.69,46.07,—,—,—,—,—,—
SEDG,Revenue GR 10Y avg,—,—,—,—,—,—,—,—,—,—,—
SEDG,NP GR,—,18.57,20.34,67.47,—,—,—,—,—,—,—
SEDG,NP GR 3Y avg,—,41.02,—,—,—,—,—,—,—,—,—
SEDG,NP GR 5Y avg,—,—,—,—,—,—,—,—,—,—,—
SEDG,NP GR 10Y avg,0.0,0.0,0.0,0.0,0.0,0.0,0.0,0.0,0.0,0.0,0.0
SEDG,EPS GR,-67.96,-8.28,7.81,45.41,4.56,540.74,—,—,—,—,—
SEDG,EPS GR 3Y avg,—,12.87,15.88,92.62,—,—,—,—,—,—,—
SEDG,EPS GR 5Y avg,—,51.47,—,—,—,—,—,—,—,—,—
SEDG,EPS GR 10Y avg,—,—,—,—,—,—,—,—,—,—,—
SEDG,OCF GR,—,-14.03,36.98,38.35,89.08,334.93,—,—,—,—,—
SEDG,D/E,0.58,0.58,0.04,0.01,—,—,—,—,—,—,—
SEDG,Price,258.71,319.12,95.09,35.1,37.55,19.6,0.0,0.0,0.0,0.0,0.0
SEDG,P/E,95.11,117.32,32.9,13.05,20.3,11.01,0.0,0.0,0.0,0.0,0.0
SONY,Year End,TTM,2020-03,2019-03,2018-03,2017-03,2016-03,2015-03,2014-03,2013-03,2012-03,2011-03
SONY,Revenue,"8,527,681","8,259,885","8,665,687","8,543,982","7,603,250","8,105,712","8,215,880","7,767,266","6,800,851","6,493,212","7,181,273"
SONY,NP,"1,077,420","582,191","916,271","490,794","73,289","147,791","-125,980","-128,369","43,034","-456,660","-259,585"
SONY,EPS,863.19,461.23,707.74,379.75,56.89,117.49,-113.04,-124.99,38.79,-453.42,-258.66
SONY,DPS,49.87,44.44,35.25,27.17,19.10,19.82,—,24.93,26.60,27.56,31.89
SONY,Div Payout,5.8,7.7,4.7,5.5,—,10.3,—,27.0,—,—,—
SONY,Shares,"1,250","1,262","1,295","1,292","1,288","1,258","1,114","1,027","1,071","1,004","1,004"
SONY,BVPS,39.94,32.09,27.31,22.49,17.37,19.60,17.69,22.58,21.10,26.97,—
SONY,OCF,"1,603,186","1,349,745","1,258,738","1,254,972","809,262","749,089","754,640","664,116","481,512","519,539","616,245"
SONY,NP Margin,12.63,7.05,10.57,5.74,0.96,1.82,-1.53,-1.65,0.63,-7.03,-3.61
SONY,ROE,22.39,14.79,27.30,17.96,2.95,6.18,-5.51,-5.76,2.04,-19.96,-9.42
SONY,Revenue GR,9.47,-4.68,1.42,12.37,-6.20,-1.34,5.78,14.21,4.74,-9.58,—
SONY,Revenue GR 3Y avg,—,2.80,2.25,1.31,-0.71,6.03,8.16,2.65,-1.95,-5.65,—
SONY,Revenue GR 5Y avg,—,0.11,2.21,4.67,3.21,2.45,2.64,0.10,-5.18,-4.78,—
SONY,Revenue GR 10Y avg,—,1.36,1.15,-0.38,-0.87,0.81,1.36,0.33,-0.93,-1.55,—
SONY,NP GR,—,99.53,83.71,—,—,50.87,—,—,—,—,—
SONY,NP GR 3Y avg,—,—,—,62.71,—,—,—,—,-34.95,—,—
SONY,NP GR 5Y avg,—,—,—,2.88,-5.30,1.80,—,—,-9.39,—,—
SONY,NP GR 10Y avg,0.0,0.0,0.0,0.0,0.0,0.0,0.0,0.0,0.0,0.0,0.0
SONY,EPS GR,62.58,-34.83,86.37,567.52,-51.58,—,—,—,—,—,—
SONY,EPS GR 3Y avg,—,100.89,81.95,—,—,42.99,—,—,—,—,—
SONY,EPS GR 5Y avg,—,—,—,56.70,—,—,—,—,-35.18,—,—
SONY,EPS GR 10Y avg,—,—,—,0.79,-7.21,0.08,—,—,-10.18,—,—
SONY,OCF GR,—,7.23,0.30,55.08,8.03,-0.74,13.63,37.92,-7.32,-15.69,—
SONY,D/E,0.19,0.23,0.15,0.21,0.27,0.23,0.31,0.41,0.42,0.38,0.32
SONY,Price,111.1,59.0,41.82,47.55,32.98,25.01,25.87,18.47,16.73,19.59,29.56
SONY,P/E,13.63,13.91,6.59,14.11,63.43,26.06,0.0,0.0,72.74,0.0,0.0
SPOT,Year End,TTM,2020-12,2019-12,2018-12,2017-12,2016-12,2015-12,2014-12,2013-12,2012-12,2011-12
SPOT,Revenue,"7,880","7,880","6,764","5,259","4,090","2,952","1,940",—,—,—,—
SPOT,NP,-581,-581,-186,-78,"-1,235",-539,-230,—,—,—,—
SPOT,EPS,-3.10,-3.10,-1.03,-0.51,-6.93,-3.21,-1.37,—,—,—,—
SPOT,DPS,—,—,—,—,—,—,—,—,—,—,—
SPOT,Div Payout,—,—,—,—,—,—,—,—,—,—,—
SPOT,Shares,188,188,181,181,178,168,168,—,—,—,—
SPOT,BVPS,17.62,15.95,11.80,6.32,—,—,—,—,—,—,—
SPOT,OCF,259,259,573,344,179,101,-38,—,—,—,—
SPOT,NP Margin,-7.37,-7.37,-2.75,-1.48,-17.38,-18.26,-11.86,—,—,—,—
SPOT,ROE,-24.00,-24.00,-9.01,-4.76,-150.96,—,-100.44,—,—,—,—
SPOT,Revenue GR,16.87,16.50,28.62,28.58,38.55,52.16,—,—,—,—,—
SPOT,Revenue GR 3Y avg,—,24.43,31.83,39.43,—,—,—,—,—,—,—
SPOT,Revenue GR 5Y avg,—,32.36,—,—,—,—,—,—,—,—,—
SPOT,Revenue GR 10Y avg,—,—,—,—,—,—,—,—,—,—,—
SPOT,NP GR,—,—,—,—,—,—,—,—,—,—,—
SPOT,NP GR 3Y avg,—,—,—,—,—,—,—,—,—,—,—
SPOT,NP GR 5Y avg,—,—,—,—,—,—,—,—,—,—,—
SPOT,NP GR 10Y avg,0.0,0.0,0.0,0.0,0.0,0.0,0.0,0.0,0.0,0.0,0.0
SPOT,EPS GR,-42.11,—,—,—,—,—,—,—,—,—,—
SPOT,EPS GR 3Y avg,—,—,—,—,—,—,—,—,—,—,—
SPOT,EPS GR 5Y avg,—,—,—,—,—,—,—,—,—,—,—
SPOT,EPS GR 10Y avg,—,—,—,—,—,—,—,—,—,—,—
SPOT,OCF GR,—,-54.80,66.57,92.18,77.23,—,—,—,—,—,—
SPOT,D/E,0.21,0.21,0.31,—,—,—,—,—,—,—,—
SPOT,Price,292.02,314.66,149.55,0.0,0.0,0.0,0.0,0.0,0.0,0.0,0.0
SPOT,P/E,0.0,0.0,0.0,0.0,0.0,0.0,0.0,0.0,0.0,0.0,0.0
SSTK,Year End,TTM,2020-12,2019-12,2018-12,2017-12,2016-12,2015-12,2014-12,2013-12,2012-12,2011-12
SSTK,Revenue,667,667,651,623,557,494,425,328,236,170,120
SSTK,NP,72,72,20,55,17,33,20,22,26,48,22
SSTK,EPS,1.97,1.97,0.57,1.54,0.47,0.91,0.54,0.61,0.77,1.79,0.64
SSTK,DPS,0.68,0.68,—,—,—,—,—,—,—,—,—
SSTK,Div Payout,34.5,36.4,—,—,—,—,—,—,—,—,—
SSTK,Shares,36,36,36,35,35,36,36,36,34,24,21
SSTK,BVPS,11.64,10.77,8.91,7.66,8.86,8.43,8.21,6.47,4.94,2.30,—
SSTK,OCF,165,165,103,102,108,101,85,83,56,46,40
SSTK,NP Margin,10.76,10.76,3.09,8.77,3.00,6.60,4.60,6.72,11.21,25.13,11.11
SSTK,ROE,19.14,19.14,6.54,18.19,5.56,11.34,7.24,10.16,20.34,448.58,—
SSTK,Revenue GR,8.76,2.48,4.38,11.87,12.70,16.27,29.63,39.26,38.85,41.03,44.95
SSTK,Revenue GR 3Y avg,—,6.17,9.59,13.60,19.32,28.04,35.84,39.71,41.59,40.54,—
SSTK,Revenue GR 5Y avg,—,9.41,14.68,21.49,26.85,32.67,38.65,39.95,—,—,—
SSTK,Revenue GR 10Y avg,—,23.17,26.68,—,—,—,—,—,—,—,—
SSTK,NP GR,—,62.49,-14.90,40.90,-8.85,7.21,-25.64,0.34,11.82,36.14,—
SSTK,NP GR 3Y avg,—,29.70,-1.86,15.61,-18.85,8.34,0.64,3.23,—,—,—
SSTK,NP GR 5Y avg,—,14.25,0.65,—,—,—,—,—,—,—,—
SSTK,NP GR 10Y avg,0.0,0.0,0.0,0.0,0.0,0.0,0.0,0.0,0.0,0.0,0.0
SSTK,EPS GR,483.33,245.61,-62.99,227.66,-48.35,68.52,-11.48,-20.78,-56.98,306.82,1.32
SSTK,EPS GR 3Y avg,—,61.23,-14.44,41.81,-8.32,5.73,-32.93,11.50,21.04,42.09,—
SSTK,EPS GR 5Y avg,—,29.54,-1.35,14.87,-23.47,15.64,4.45,-0.45,—,—,—
SSTK,EPS GR 10Y avg,—,16.32,-0.90,—,—,—,—,—,—,—,—
SSTK,OCF GR,—,60.82,0.43,-5.40,6.81,18.54,2.98,46.98,23.80,15.14,37.67
SSTK,D/E,0.10,0.10,0.14,—,—,—,—,—,—,—,—
SSTK,Price,99.98,71.53,42.15,35.4,39.96,44.13,30.03,64.17,77.66,0.0,0.0
SSTK,P/E,50.75,36.31,75.27,22.98,83.25,49.03,55.61,103.49,102.18,0.0,0.0
TCEHY,Year End,TTM,2020-12,2019-12,2018-12,2017-12,2016-12,2015-12,2014-12,2013-12,2012-12,2011-12
TCEHY,Revenue,"482,064","482,064","377,289","312,694","237,760","151,938","102,863","78,932","60,437","43,894","28,496"
TCEHY,NP,"159,847","159,847","93,310","78,719","71,510","41,095","28,806","23,810","15,502","12,732","10,203"
TCEHY,EPS,16.52,16.52,9.64,8.22,7.49,4.32,3.06,2.54,1.66,1.37,1.10
TCEHY,DPS,1.11,1.11,0.88,0.74,0.54,0.40,0.29,0.17,0.14,0.11,0.09
TCEHY,Div Payout,6.7,8.8,10.1,8.1,8.3,10.0,9.8,7.5,8.9,8.1,8.9
TCEHY,Shares,"9,650","9,650","9,603","9,568","9,536","9,494","9,430","9,357","9,341","9,315","9,293"
TCEHY,BVPS,11.22,9.21,6.04,4.80,3.76,2.49,1.77,1.29,0.94,0.71,0.43
TCEHY,OCF,"194,119","194,119","148,590","106,443","106,140","65,518","45,431","32,711","24,374","19,429","13,358"
TCEHY,NP Margin,33.16,33.16,24.73,25.17,30.08,27.05,28.00,30.17,25.65,29.01,35.81
TCEHY,ROE,28.13,28.13,24.68,27.16,33.21,27.89,28.80,34.52,31.24,36.50,40.63
TCEHY,Revenue GR,26.38,27.77,20.66,31.52,56.48,47.71,30.32,30.60,37.69,54.03,45.05
TCEHY,Revenue GR 3Y avg,—,26.57,35.42,44.86,44.42,35.97,32.83,40.44,45.44,52.24,58.51
TCEHY,Revenue GR 5Y avg,—,36.20,36.74,38.92,40.20,39.76,39.25,44.71,53.23,62.95,59.04
TCEHY,Revenue GR 10Y avg,—,37.72,40.66,45.90,51.15,49.09,53.39,52.72,55.42,—,—
TCEHY,NP GR,—,30.75,31.44,39.81,44.28,38.40,31.28,32.64,24.39,35.17,54.17
TCEHY,NP GR 3Y avg,—,40.88,31.41,38.40,41.22,32.13,29.03,35.80,40.97,52.06,57.17
TCEHY,NP GR 5Y avg,—,34.83,33.59,39.68,46.54,44.11,50.43,48.82,47.31,—,—
TCEHY,NP GR 10Y avg,0.0,0.0,0.0,0.0,0.0,0.0,0.0,0.0,0.0,0.0,0.0
TCEHY,EPS GR,183.73,71.35,17.20,9.72,73.23,41.70,20.04,53.35,21.44,24.46,26.79
TCEHY,EPS GR 3Y avg,—,30.13,30.60,39.13,43.36,37.66,30.75,32.34,24.21,34.78,53.63
TCEHY,EPS GR 5Y avg,—,40.16,30.53,37.74,40.56,31.57,28.68,35.45,40.53,51.61,56.49
TCEHY,EPS GR 10Y avg,—,34.29,32.97,39.13,45.98,43.49,49.88,46.11,42.28,—,—
TCEHY,OCF GR,—,30.64,39.60,0.29,62.00,44.21,38.89,34.20,25.45,45.45,8.43
TCEHY,D/E,0.35,0.35,0.45,0.43,0.44,0.54,0.42,0.38,0.22,0.23,—
TCEHY,Price,81.00,71.89,48.01,39.47,51.92,24.22,19.62,14.51,12.88,6.53,4.03
TER,Year End,TTM,2020-12,2019-12,2018-12,2017-12,2016-12,2015-12,2014-12,2013-12,2012-12,2011-12
TER,Revenue,"3,121","3,121","2,295","2,101","2,137","1,753","1,640","1,648","1,428","1,657","1,429"
TER,NP,784,784,467,452,258,-43,206,81,165,217,374
TER,EPS,4.28,4.28,2.60,2.35,1.28,-0.21,0.97,0.37,0.70,0.94,1.63
TER,DPS,0.40,0.40,0.36,0.36,0.28,0.24,0.24,0.18,—,—,—
TER,Div Payout,9.3,10.0,13.3,32.7,12.6,—,54.5,13.0,—,—,—
TER,Shares,183,183,179,193,202,203,213,223,236,230,227
TER,BVPS,13.27,12.00,8.91,9.50,10.79,8.95,10.05,10.11,10.18,9.46,7.46
TER,OCF,869,869,579,477,626,446,413,492,267,405,274
TER,NP Margin,25.12,25.12,20.37,21.51,12.06,-2.48,12.59,4.93,11.55,13.10,26.16
TER,ROE,42.49,42.49,31.14,25.99,13.63,-2.29,10.21,4.00,8.77,13.22,28.46
TER,Revenue GR,15.94,36.01,9.24,-1.68,21.87,6.93,-0.50,15.40,-13.81,15.93,-11.16
TER,Revenue GR 3Y avg,—,13.47,9.39,8.61,9.04,7.08,-0.35,4.86,-3.89,26.45,8.88
TER,Revenue GR 5Y avg,—,13.74,6.85,8.03,5.22,4.17,0.38,15.00,5.22,8.49,0.75
TER,Revenue GR 10Y avg,—,6.85,10.85,6.62,6.84,2.45,4.31,-0.83,0.54,3.09,-0.08
TER,NP GR,—,44.91,—,29.82,46.91,—,-1.65,-39.87,-24.27,—,—
TER,NP GR 3Y avg,—,30.59,41.89,22.33,3.49,—,-11.47,—,—,22.80,13.47
TER,NP GR 5Y avg,—,7.52,—,—,12.74,—,8.58,-6.85,—,—,—
TER,NP GR 10Y avg,0.0,0.0,0.0,0.0,0.0,0.0,0.0,0.0,0.0,0.0,0.0
TER,EPS GR,40.00,64.62,10.64,83.59,—,—,162.16,-47.14,-25.53,-43.03,-4.62
TER,EPS GR 3Y avg,—,49.54,—,34.31,51.24,—,1.05,-39.25,-26.04,—,—
TER,EPS GR 5Y avg,—,34.57,47.69,27.41,6.37,—,-10.93,—,—,17.48,10.31
TER,EPS GR 10Y avg,—,9.48,—,—,11.79,—,7.75,-7.87,—,—,—
TER,OCF GR,—,50.14,21.36,-23.88,40.53,7.98,-16.10,84.10,-33.93,47.77,-51.70
TER,D/E,0.19,0.19,0.30,0.25,0.19,0.19,—,—,—,0.10,0.11
TER,Price,129.48,119.8,67.8,30.97,40.95,24.64,19.83,18.75,16.54,15.86,12.8
TER,P/E,30.25,27.99,25.39,13.07,32.24,0.0,20.44,50.69,23.97,16.87,7.95
TSLA,Year End,TTM,2020-12,2019-12,2018-12,2017-12,2016-12,2015-12,2014-12,2013-12,2012-12,2011-12
TSLA,Revenue,"31,536","31,536","24,578","21,461","11,759","7,000","4,046","3,198","2,013",413,204
TSLA,NP,690,690,-862,-976,"-1,961",-675,-889,-294,-74,-396,-254
TSLA,EPS,0.64,0.64,-0.98,-1.14,-2.37,-0.94,-1.38,-0.47,-0.12,-0.73,-0.51
TSLA,DPS,—,—,—,—,—,—,—,—,—,—,—
TSLA,Div Payout,—,—,—,—,—,—,—,—,—,—,—
TSLA,Shares,"1,083","1,083",887,853,830,721,641,623,597,537,502
TSLA,BVPS,23.15,16.70,6.67,5.22,5.58,3.32,2.00,1.52,0.92,0.22,0.56
TSLA,OCF,"5,943","5,943","2,405","2,098",-61,-124,-524,-57,258,-266,-114
TSLA,NP Margin,2.19,2.19,-3.51,-4.55,-16.68,-9.64,-21.96,-9.19,-3.68,-95.88,-124.56
TSLA,ROE,4.78,4.78,-14.94,-21.31,-43.63,-23.11,-88.84,-37.25,-18.69,-227.22,-118.03
TSLA,Revenue GR,45.50,28.31,14.52,82.51,67.98,73.01,26.50,58.85,387.23,102.34,74.95
TSLA,Revenue GR 3Y avg,—,38.94,51.99,74.40,54.34,51.49,113.93,150.18,158.37,54.55,140.18
TSLA,Revenue GR 5Y avg,—,50.78,50.36,60.52,95.36,102.76,103.22,95.52,167.35,463.09,—
TSLA,Revenue GR 10Y avg,—,75.05,71.46,107.16,231.67,—,—,—,—,—,—
TSLA,NP GR,—,—,—,—,—,—,—,—,—,—,—
TSLA,NP GR 3Y avg,—,—,—,—,—,—,—,—,—,—,—
TSLA,NP GR 5Y avg,—,—,—,—,—,—,—,—,—,—,—
TSLA,NP GR 10Y avg,0.0,0.0,0.0,0.0,0.0,0.0,0.0,0.0,0.0,0.0,0.0
TSLA,EPS GR,114.29,—,—,—,—,—,—,—,—,—,—
TSLA,EPS GR 3Y avg,—,—,—,—,—,—,—,—,—,—,—
TSLA,EPS GR 5Y avg,—,—,—,—,—,—,—,—,—,—,—
TSLA,EPS GR 10Y avg,—,—,—,—,—,—,—,—,—,—,—
TSLA,OCF GR,—,147.11,14.64,—,—,—,—,—,—,—,—
TSLA,D/E,0.49,0.49,1.90,2.26,2.63,1.55,1.91,2.06,0.90,3.30,1.21
TSLA,Price,739.78,705.67,83.67,66.56,62.27,42.74,48.0,44.48,30.09,6.77,5.71
TSLA,P/E,1181.76,1127.27,0.0,0.0,0.0,0.0,0.0,0.0,0.0,0.0,0.0
TTD,Year End,TTM,2020-12,2019-12,2018-12,2017-12,2016-12,2015-12,2014-12,2013-12,2012-12,2011-12
TTD,Revenue,836,836,661,477,308,203,114,45,—,—,—
TTD,NP,242,242,108,88,51,20,16,—,—,—,—
TTD,EPS,4.95,4.95,2.27,1.92,1.15,-1.46,0.17,—,—,—,—
TTD,DPS,—,—,—,—,—,—,—,—,—,—,—
TTD,Div Payout,—,—,—,—,—,—,—,—,—,—,—
TTD,Shares,49,49,48,46,44,18,38,38,—,—,—
TTD,BVPS,21.32,17.59,11.77,7.68,5.17,3.72,—,—,—,—,—
TTD,OCF,405,405,60,87,31,75,-37,-15,—,—,—
TTD,NP Margin,28.98,28.98,16.39,18.47,16.48,-13.17,19.23,—,—,—,—
TTD,ROE,29.81,29.81,21.51,27.54,24.78,-29.94,546.50,—,—,—,—
TTD,Revenue GR,48.14,26.47,38.50,54.86,51.89,78.26,155.54,—,—,—,—
TTD,Revenue GR 3Y avg,—,39.46,48.24,61.25,90.55,—,—,—,—,—,—
TTD,Revenue GR 5Y avg,—,49.00,71.51,—,—,—,—,—,—,—,—
TTD,Revenue GR 10Y avg,—,—,—,—,—,—,—,—,—,—,—
TTD,NP GR,—,68.34,74.22,76.87,2065.84,—,—,—,—,—,—
TTD,NP GR 3Y avg,—,72.36,636.45,—,—,—,—,—,—,—,—
TTD,NP GR 5Y avg,—,—,—,—,—,—,—,—,—,—,—
TTD,NP GR 10Y avg,0.0,0.0,0.0,0.0,0.0,0.0,0.0,0.0,0.0,0.0,0.0
TTD,EPS GR,187.74,118.06,18.23,66.96,—,—,—,—,—,—,—
TTD,EPS GR 3Y avg,—,62.67,—,47.36,—,—,—,—,—,—,—
TTD,EPS GR 5Y avg,—,52.51,—,—,—,—,—,—,—,—,—
TTD,EPS GR 10Y avg,—,—,—,—,—,—,—,—,—,—,—
TTD,OCF GR,—,572.82,-30.48,177.36,-58.39,—,—,—,—,—,—
TTD,D/E,0.25,0.25,0.29,—,0.11,0.16,3.17,—,—,—,—
TTD,Price,718.86,801.0,259.78,116.06,45.73,0.0,0.0,0.0,0.0,0.0,0.0
TTD,P/E,146.41,163.14,115.46,60.76,39.77,0.0,0.0,0.0,0.0,0.0,0.0
TTWO,Year End,TTM,2020-03,2019-03,2018-03,2017-03,2016-03,2015-03,2014-03,2013-03,2012-03,2011-03
TTWO,Revenue,"3,294","3,089","2,668","1,793","1,780","1,414","1,083","2,351","1,214",826,"1,137"
TTWO,NP,493,404,334,174,67,-8,-279,362,-29,-109,48
TTWO,EPS,4.27,3.54,2.90,1.54,0.72,-0.10,-3.48,3.20,-0.34,-1.31,0.56
TTWO,DPS,—,—,—,—,—,—,—,—,—,—,—
TTWO,Div Payout,—,—,—,—,—,—,—,—,—,—,—
TTWO,Shares,115,114,115,113,92,83,80,114,86,83,81
TTWO,BVPS,27.39,21.16,18.07,12.28,8.00,6.08,9.23,9.24,6.03,7.11,—
TTWO,OCF,"1,033",686,844,394,331,261,213,700,-5,-85,135
TTWO,NP Margin,14.96,13.09,12.51,9.67,3.71,-0.59,-25.81,13.64,-2.43,-13.18,4.26
TTWO,ROE,17.74,17.66,18.92,13.91,8.33,-1.45,-40.95,46.13,-4.98,-17.97,7.88
TTWO,Revenue GR,-7.44,15.76,48.83,0.74,25.89,30.54,-53.93,93.54,47.06,-27.36,—
TTWO,Revenue GR 3Y avg,—,20.18,23.58,18.30,-8.86,5.19,9.46,27.40,6.85,-16.63,—
TTWO,Revenue GR 5Y avg,—,23.32,2.57,8.10,16.60,4.45,2.08,8.15,4.00,-4.13,—
TTWO,Revenue GR 10Y avg,—,11.77,5.43,5.95,5.31,1.56,-0.39,8.20,4.16,5.97,—
TTWO,NP GR,—,81.81,—,—,-42.90,—,—,95.41,—,—,—
TTWO,NP GR 3Y avg,—,—,-1.59,—,—,—,—,27.48,—,—,—
TTWO,NP GR 5Y avg,—,—,12.58,—,—,—,—,13.33,—,—,—
TTWO,NP GR 10Y avg,0.0,0.0,0.0,0.0,0.0,0.0,0.0,0.0,0.0,0.0,0.0
TTWO,EPS GR,9.79,22.07,88.31,113.89,—,—,—,—,—,—,—
TTWO,EPS GR 3Y avg,—,70.04,—,—,-39.18,—,—,78.78,—,—,—
TTWO,EPS GR 5Y avg,—,—,-1.95,—,—,—,—,18.43,—,—,—
TTWO,EPS GR 10Y avg,—,—,8.17,—,—,—,—,7.45,—,—,—
TTWO,OCF GR,—,-18.71,114.12,18.86,26.84,22.79,-69.61,—,—,—,—
TTWO,D/E,0.05,0.06,—,0.01,0.25,0.86,0.85,0.57,0.57,0.53,0.17
TTWO,Price,178.8,118.61,94.37,97.78,59.27,37.67,25.46,21.93,16.15,15.39,15.37
TTWO,P/E,41.87,33.51,32.43,66.97,120.96,0.0,0.0,10.06,0.0,0.0,20.22
TWTR,Year End,TTM,2020-12,2019-12,2018-12,2017-12,2016-12,2015-12,2014-12,2013-12,2012-12,2011-12
TWTR,Revenue,"3,716","3,716","3,459","3,042","2,443","2,530","2,218","1,403",665,317,106
TWTR,NP,"-1,136","-1,136","1,466","1,206",-108,-457,-521,-578,-645,-79,-128
TWTR,EPS,-1.44,-1.44,1.87,1.56,-0.15,-0.65,-0.79,-0.96,-3.41,-0.68,-1.60
TWTR,DPS,—,—,—,—,—,—,—,—,—,—,—
TWTR,Div Payout,—,—,—,—,—,—,—,—,—,—,—
TWTR,Shares,788,788,786,773,733,702,662,605,190,117,103
TWTR,BVPS,9.98,9.81,10.79,8.44,6.47,6.42,6.16,5.49,1.24,—,—
TWTR,OCF,993,993,"1,303","1,340",831,763,383,82,1,-28,-71
TWTR,NP Margin,-30.56,-30.56,42.37,39.63,-4.42,-18.06,-23.49,-41.18,-97.06,-25.05,-154.37
TWTR,ROE,-13.62,-13.62,18.90,20.34,-2.24,-10.18,-13.03,-17.57,-47.77,—,—
TWTR,Revenue GR,27.96,7.43,13.71,24.52,-3.41,14.05,58.09,111.01,109.79,198.11,275.96
TWTR,Revenue GR 3Y avg,—,15.00,11.00,11.11,20.31,56.11,91.28,136.31,186.48,—,—
TWTR,Revenue GR 5Y avg,—,10.87,19.78,35.55,50.45,88.49,139.28,—,—,—,—
TWTR,Revenue GR 10Y avg,—,62.88,—,—,—,—,—,—,—,—,—
TWTR,NP GR,—,—,—,—,—,—,—,—,—,—,—
TWTR,NP GR 3Y avg,—,—,—,—,—,—,—,—,—,—,—
TWTR,NP GR 5Y avg,—,—,—,—,—,—,—,—,—,—,—
TWTR,NP GR 10Y avg,0.0,0.0,0.0,0.0,0.0,0.0,0.0,0.0,0.0,0.0,0.0
TWTR,EPS GR,80.00,—,19.87,—,—,—,—,—,—,—,—
TWTR,EPS GR 3Y avg,—,—,—,—,—,—,—,—,—,—,—
TWTR,EPS GR 5Y avg,—,—,—,—,—,—,—,—,—,—,—
TWTR,EPS GR 10Y avg,—,—,—,—,—,—,—,—,—,—,—
TWTR,OCF GR,—,-23.82,-2.71,61.18,8.93,99.20,368.32,—,—,—,—
TWTR,D/E,0.43,0.43,0.36,0.26,0.34,0.35,0.35,0.41,0.04,—,—
TWTR,Price,70.12,54.15,32.05,28.74,24.01,16.3,23.14,35.87,0.0,0.0,0.0
TWTR,P/E,0.0,0.0,17.05,18.42,0.0,0.0,0.0,0.0,0.0,0.0,0.0
U,Year End,TTM,2020-12,2019-12,2018-12,2017-12,2016-12,2015-12,2014-12,2013-12,2012-12,2011-12
U,Revenue,772,772,542,381,—,—,—,—,—,—,—
U,NP,-282,-282,-163,-132,—,—,—,—,—,—,—
U,EPS,-1.66,-1.66,-1.20,-0.58,—,—,—,—,—,—,—
U,DPS,—,—,—,—,—,—,—,—,—,—,—
U,Div Payout,—,—,—,—,—,—,—,—,—,—,—
U,Shares,274,170,228,228,—,—,—,—,—,—,—
U,BVPS,7.33,7.53,—,—,—,—,—,—,—,—,—
U,OCF,20,20,-68,-81,—,—,—,—,—,—,—
U,NP Margin,-36.55,-36.55,-30.79,-34.56,—,—,—,—,—,—,—
U,ROE,-32.37,-32.37,—,—,—,—,—,—,—,—,—
U,Revenue GR,68.27,42.58,42.29,—,—,—,—,—,—,—,—
U,Revenue GR 3Y avg,—,—,—,—,—,—,—,—,—,—,—
U,Revenue GR 5Y avg,—,—,—,—,—,—,—,—,—,—,—
U,Revenue GR 10Y avg,—,—,—,—,—,—,—,—,—,—,—
U,NP GR,—,—,—,—,—,—,—,—,—,—,—
U,NP GR 3Y avg,—,—,—,—,—,—,—,—,—,—,—
U,NP GR 5Y avg,—,—,—,—,—,—,—,—,—,—,—
U,NP GR 10Y avg,0.0,0.0,0.0,0.0,0.0,0.0,0.0,0.0,0.0,0.0,0.0
U,EPS GR,-19.62,—,—,—,—,—,—,—,—,—,—
U,EPS GR 3Y avg,—,—,—,—,—,—,—,—,—,—,—
U,EPS GR 5Y avg,—,—,—,—,—,—,—,—,—,—,—
U,EPS GR 10Y avg,—,—,—,—,—,—,—,—,—,—,—
U,OCF GR,—,—,—,—,—,—,—,—,—,—,—
U,D/E,0.05,0.05,—,—,—,—,—,—,—,—,—
U,Price,100.74,153.47,0.0,0.0,0.0,0.0,0.0,0.0,0.0,0.0,0.0
UBER,Year End,TTM,2020-12,2019-12,2018-12,2017-12,2016-12,2015-12,2014-12,2013-12,2012-12,2011-12
UBER,Revenue,"11,139","11,139","14,147","11,270","7,932","3,845",—,—,—,—,—
UBER,NP,"-6,768","-6,768","-8,506",997,"-4,033",-370,—,—,—,—,—
UBER,EPS,-3.86,-3.86,-6.81,—,-3.69,-0.25,—,—,—,—,—
UBER,DPS,—,—,—,—,—,—,—,—,—,—,—
UBER,Div Payout,—,—,—,—,—,—,—,—,—,—,—
UBER,Shares,"1,753","1,753","1,248","1,092","1,092","1,526",—,—,—,—,—
UBER,BVPS,6.57,5.21,8.77,—,—,—,—,—,—,—,—
UBER,OCF,"-2,745","-2,745","-4,321","-1,541","-1,418","-2,913",—,—,—,—,—
UBER,NP Margin,-60.76,-60.76,-60.13,17.20,-50.84,-9.62,—,—,—,—,—
UBER,ROE,-51.16,-51.16,-69.37,218.24,—,—,—,—,—,—,—
UBER,Revenue GR,-45.29,-21.26,25.53,42.08,106.29,—,—,—,—,—,—
UBER,Revenue GR 3Y avg,—,11.98,54.38,—,—,—,—,—,—,—,—
UBER,Revenue GR 5Y avg,—,—,—,—,—,—,—,—,—,—,—
UBER,Revenue GR 10Y avg,—,—,—,—,—,—,—,—,—,—,—
UBER,NP GR,—,—,—,—,—,—,—,—,—,—,—
UBER,NP GR 3Y avg,—,—,—,—,—,—,—,—,—,—,—
UBER,NP GR 5Y avg,—,—,—,—,—,—,—,—,—,—,—
UBER,NP GR 10Y avg,0.0,0.0,0.0,0.0,0.0,0.0,0.0,0.0,0.0,0.0,0.0
UBER,EPS GR,-15.62,—,—,—,—,—,—,—,—,—,—
UBER,EPS GR 3Y avg,—,—,—,—,—,—,—,—,—,—,—
UBER,EPS GR 5Y avg,—,—,—,—,—,—,—,—,—,—,—
UBER,EPS GR 10Y avg,—,—,—,—,—,—,—,—,—,—,—
UBER,OCF GR,—,—,—,—,—,—,—,—,—,—,—
UBER,D/E,0.75,0.75,0.51,0.44,—,—,—,—,—,—,—
UBER,Price,60.35,51.0,0.0,0.0,0.0,0.0,0.0,0.0,0.0,0.0,0.0
UBER,P/E,0.0,0.0,0.0,0.0,0.0,0.0,0.0,0.0,0.0,0.0,0.0
UPWK,Year End,TTM,2020-12,2019-12,2018-12,2017-12,2016-12,2015-12,2014-12,2013-12,2012-12,2011-12
UPWK,Revenue,374,374,301,253,203,164,—,—,—,—,—
UPWK,NP,-23,-23,-17,-20,-4,-16,—,—,—,—,—
UPWK,EPS,-0.19,-0.19,-0.15,-0.38,-0.11,-0.17,—,—,—,—,—
UPWK,DPS,—,—,—,—,—,—,—,—,—,—,—
UPWK,Div Payout,—,—,—,—,—,—,—,—,—,—,—
UPWK,Shares,119,119,110,52,96,96,—,—,—,—,—
UPWK,BVPS,2.40,2.26,2.31,-0.31,—,—,—,—,—,—,—
UPWK,OCF,22,22,1,14,-4,3,—,—,—,—,—
UPWK,NP Margin,-6.12,-6.12,-5.54,-7.86,-1.98,-9.87,—,—,—,—,—
UPWK,ROE,-8.19,-8.19,-6.62,-18.75,—,—,—,—,—,—,—
UPWK,Revenue GR,35.06,24.31,18.63,25.08,23.17,—,—,—,—,—,—
UPWK,Revenue GR 3Y avg,—,22.64,22.27,—,—,—,—,—,—,—,—
UPWK,Revenue GR 5Y avg,—,—,—,—,—,—,—,—,—,—,—
UPWK,Revenue GR 10Y avg,—,—,—,—,—,—,—,—,—,—,—
UPWK,NP GR,—,—,—,—,—,—,—,—,—,—,—
UPWK,NP GR 3Y avg,—,—,—,—,—,—,—,—,—,—,—
UPWK,NP GR 5Y avg,—,—,—,—,—,—,—,—,—,—,—
UPWK,NP GR 10Y avg,0.0,0.0,0.0,0.0,0.0,0.0,0.0,0.0,0.0,0.0,0.0
UPWK,EPS GR,-120.00,—,—,—,—,—,—,—,—,—,—
UPWK,EPS GR 3Y avg,—,—,—,—,—,—,—,—,—,—,—
UPWK,EPS GR 5Y avg,—,—,—,—,—,—,—,—,—,—,—
UPWK,EPS GR 10Y avg,—,—,—,—,—,—,—,—,—,—,—
UPWK,OCF GR,—,—,-92.30,—,—,—,—,—,—,—,—
UPWK,D/E,0.08,0.08,0.12,0.07,—,—,—,—,—,—,—
UPWK,Price,49.01,34.52,10.67,0.0,0.0,0.0,0.0,0.0,0.0,0.0,0.0
UPWK,P/E,0.0,0.0,0.0,0.0,0.0,0.0,0.0,0.0,0.0,0.0,0.0
V,Year End,TTM,2020-09,2019-09,2018-09,2017-09,2016-09,2015-09,2014-09,2013-09,2012-09,2011-09
V,Revenue,"21,479","21,846","22,977","20,609","18,358","15,082","13,880","12,702","11,778","10,421","9,188"
V,NP,"10,720","10,866","12,080","10,301","6,699","5,991","6,328","5,438","4,980","2,144","3,650"
V,EPS,4.85,4.89,5.32,4.42,2.80,2.48,2.58,2.16,1.90,0.79,1.29
V,DPS,1.22,1.20,1.00,0.82,0.66,0.56,0.48,0.40,0.33,0.22,0.15
V,Div Payout,25.1,21.8,18.5,19.1,23.6,23.4,19.2,17.5,14.7,40.9,11.6
V,Shares,"2,213","2,223","2,272","2,329","2,395","2,414","2,457","2,523","2,624","2,712","2,828"
V,BVPS,15.91,14.23,13.26,12.58,11.31,11.28,11.79,11.07,10.64,9.82,9.92
V,OCF,"10,078","10,440","12,784","12,713","9,208","5,574","6,584","7,205","3,022","5,009","3,872"
V,NP Margin,49.91,49.74,52.57,48.24,35.23,39.31,45.48,42.68,42.12,20.51,39.73
V,ROE,33.60,36.01,41.83,35.65,23.76,20.79,22.05,19.97,18.21,7.91,14.19
V,Revenue GR,-6.06,-4.92,11.49,12.26,21.72,8.66,9.27,7.85,13.02,13.42,13.92
V,Revenue GR 3Y avg,—,5.97,15.07,14.08,13.06,8.59,10.03,11.40,13.45,14.67,13.63
V,Revenue GR 5Y avg,—,9.50,12.59,11.84,11.99,10.42,11.47,12.94,13.46,23.76,25.53
V,Revenue GR 10Y avg,—,10.48,12.77,12.65,17.73,17.73,17.94,—,—,—,—
V,NP GR,—,17.50,26.33,17.64,7.20,6.35,43.44,14.21,18.86,-3.05,65.58
V,NP GR 3Y avg,—,11.42,17.31,15.65,25.59,10.42,16.36,18.24,44.01,—,51.68
V,NP GR 5Y avg,—,13.86,17.77,29.05,—,29.42,37.36,—,—,—,—
V,NP GR 10Y avg,0.0,0.0,0.0,0.0,0.0,0.0,0.0,0.0,0.0,0.0,0.0
V,EPS GR,-2.74,-8.08,20.36,57.86,12.90,-3.88,19.72,13.57,140.19,-38.76,28.68
V,EPS GR 3Y avg,—,20.43,28.97,19.66,9.12,9.33,48.36,18.65,23.70,0.64,75.17
V,EPS GR 5Y avg,—,13.64,19.81,18.43,28.80,13.97,20.81,22.70,51.21,—,54.48
V,EPS GR 10Y avg,—,17.17,21.24,33.82,—,32.69,36.34,—,—,—,—
V,OCF GR,—,-18.34,0.56,38.06,65.20,-15.34,-8.62,138.42,-39.67,29.36,43.89
V,D/E,0.62,0.68,0.57,0.58,0.61,0.58,—,—,—,—,—
V,Price,226.41,199.36,170.4,147.94,103.06,80.39,67.23,51.12,45.44,31.67,20.06
V,P/E,46.78,40.85,32.03,33.55,36.81,32.55,26.13,23.75,23.98,40.47,15.55
WING,Year End,TTM,2020-12,2019-12,2018-12,2017-12,2016-12,2015-12,2014-12,2013-12,2012-12,2011-12
WING,Revenue,249,249,200,153,106,91,78,67,59,52,—
WING,NP,23,23,20,22,27,15,10,9,8,4,—
WING,EPS,0.78,0.78,0.69,0.73,0.82,0.47,0.36,0.31,0.26,0.13,—
WING,DPS,0.50,0.50,0.40,0.32,0.14,—,—,—,—,—,—
WING,Div Payout,64.1,42.7,56.7,28.8,9.7,—,—,—,—,—,—
WING,Shares,30,30,30,30,29,29,28,29,29,28,—
WING,BVPS,-11.50,-6.18,-7.18,-4.65,-1.98,-2.78,-0.50,—,—,—,—
WING,OCF,66,66,39,39,27,22,13,14,11,10,—
WING,NP Margin,9.37,9.37,10.25,14.18,25.87,16.89,12.96,13.32,12.76,6.94,—
WING,ROE,—,—,—,—,—,—,—,—,—,—,—
WING,Revenue GR,18.98,24.61,30.35,45.12,15.54,17.17,15.60,14.32,14.36,—,—
WING,Revenue GR 3Y avg,—,33.09,29.78,25.25,16.10,15.69,14.76,—,—,—,—
WING,Revenue GR 5Y avg,—,26.12,24.24,21.02,15.39,—,—,—,—,—,—
WING,Revenue GR 10Y avg,—,—,—,—,—,—,—,—,—,—,—
WING,NP GR,—,-5.14,9.88,29.05,44.84,27.03,41.33,—,—,—,—
WING,NP GR 3Y avg,—,18.19,17.91,23.60,50.13,—,—,—,—,—,—
WING,NP GR 5Y avg,—,—,—,—,—,—,—,—,—,—,—
WING,NP GR 10Y avg,0.0,0.0,0.0,0.0,0.0,0.0,0.0,0.0,0.0,0.0,0.0
WING,EPS GR,-320.00,13.04,-5.48,-21.51,75.47,47.22,12.50,22.21,107.39,—,—
WING,EPS GR 3Y avg,—,-5.69,9.19,26.57,42.71,26.50,41.80,—,—,—,—
WING,EPS GR 5Y avg,—,16.72,16.61,22.76,49.09,—,—,—,—,—,—
WING,EPS GR 10Y avg,—,—,—,—,—,—,—,—,—,—,—
WING,OCF GR,—,69.84,-0.48,43.33,22.03,69.89,-9.21,31.76,4.65,—,—
WING,D/E,—,—,—,—,—,—,—,—,—,—,—
WING,Price,137.25,132.4,82.58,61.26,32.91,24.88,0.0,0.0,0.0,0.0,0.0
WING,P/E,173.73,167.59,119.68,83.92,35.38,46.94,0.0,0.0,0.0,0.0,0.0
WORK,Year End,TTM,2021-01,2020-01,2019-01,2018-01,2017-01,2016-01,2015-01,2014-01,2013-01,2012-01
WORK,Revenue,903,903,630,401,221,105,—,—,—,—,—
WORK,NP,-300,-300,-571,-141,-140,-147,—,—,—,—,—
WORK,EPS,-0.53,-0.53,-1.43,-0.27,-0.34,-0.28,—,—,—,—,—
WORK,DPS,—,—,—,—,—,—,—,—,—,—,—
WORK,Div Payout,—,—,—,—,—,—,—,—,—,—,—
WORK,Shares,567,567,399,525,525,517,—,—,—,—,—
WORK,BVPS,1.44,1.47,1.32,—,—,—,—,—,—,—,—
WORK,OCF,72,72,-12,-41,-36,-90,—,—,—,—,—
WORK,NP Margin,-33.28,-33.28,-90.58,-35.12,-82.06,-139.67,—,—,—,—,—
WORK,ROE,-38.92,-38.92,-769.65,—,—,—,—,—,—,—,—
WORK,Revenue GR,37.76,43.18,57.39,81.62,109.74,—,—,—,—,—,—
WORK,Revenue GR 3Y avg,—,59.96,81.66,—,—,—,—,—,—,—,—
WORK,Revenue GR 5Y avg,—,—,—,—,—,—,—,—,—,—,—
WORK,Revenue GR 10Y avg,—,—,—,—,—,—,—,—,—,—,—
WORK,NP GR,—,—,—,—,—,—,—,—,—,—,—
WORK,NP GR 3Y avg,—,—,—,—,—,—,—,—,—,—,—
WORK,NP GR 5Y avg,—,—,—,—,—,—,—,—,—,—,—
WORK,NP GR 10Y avg,0.0,0.0,0.0,0.0,0.0,0.0,0.0,0.0,0.0,0.0,0.0
WORK,EPS GR,-12.50,—,—,—,—,—,—,—,—,—,—
WORK,EPS GR 3Y avg,—,—,—,—,—,—,—,—,—,—,—
WORK,EPS GR 5Y avg,—,—,—,—,—,—,—,—,—,—,—
WORK,EPS GR 10Y avg,—,—,—,—,—,—,—,—,—,—,—
WORK,OCF GR,—,—,—,—,—,—,—,—,—,—,—
WORK,D/E,1.05,1.05,0.28,—,—,—,—,—,—,—,—
WORK,Price,42.23,42.17,20.73,0.0,0.0,0.0,0.0,0.0,0.0,0.0,0.0
ZM,Year End,TTM,2021-01,2020-01,2019-01,2018-01,2017-01,2016-01,2015-01,2014-01,2013-01,2012-01
ZM,Revenue,"2,651","2,651",623,331,151,61,—,—,—,—,—
ZM,NP,672,672,25,8,-4,—,—,—,—,—,—
ZM,EPS,2.25,2.25,0.09,0.03,-0.03,—,—,—,—,—,—
ZM,DPS,—,—,—,—,—,—,—,—,—,—,—
ZM,Div Payout,—,—,—,—,—,—,—,—,—,—,—
ZM,Shares,298,298,254,269,269,269,—,—,—,—,—
ZM,BVPS,13.14,5.11,2.77,—,—,—,—,—,—,—,—
ZM,OCF,"1,471","1,471",152,51,19,9,—,—,—,—,—
ZM,NP Margin,25.33,25.33,3.49,2.29,-5.43,-0.02,—,—,—,—,—
ZM,ROE,28.61,28.61,4.34,10.78,—,—,—,—,—,—,—
ZM,Revenue GR,368.78,325.81,88.39,118.19,149.07,—,—,—,—,—,—
ZM,Revenue GR 3Y avg,—,159.64,117.14,—,—,—,—,—,—,—,—
ZM,Revenue GR 5Y avg,—,—,—,—,—,—,—,—,—,—,—
ZM,Revenue GR 10Y avg,—,—,—,—,—,—,—,—,—,—,—
ZM,NP GR,—,—,—,—,—,—,—,—,—,—,—
ZM,NP GR 3Y avg,—,—,—,—,—,—,—,—,—,—,—
ZM,NP GR 5Y avg,—,—,—,—,—,—,—,—,—,—,—
ZM,NP GR 10Y avg,0.0,0.0,0.0,0.0,0.0,0.0,0.0,0.0,0.0,0.0,0.0
ZM,EPS GR,—,—,200.00,—,—,—,—,—,—,—,—
ZM,EPS GR 3Y avg,—,—,—,—,—,—,—,—,—,—,—
ZM,EPS GR 5Y avg,—,—,—,—,—,—,—,—,—,—,—
ZM,EPS GR 10Y avg,—,—,—,—,—,—,—,—,—,—,—
ZM,OCF GR,—,868.57,195.90,164.24,107.52,—,—,—,—,—,—
ZM,D/E,0.02,0.02,0.08,—,—,—,—,—,—,—,—
ZM,Price,329.95,372.07,76.3,0.0,0.0,0.0,0.0,0.0,0.0,0.0,0.0
ZM,P/E,146.64,165.36,953.75,0.0,0.0,0.0,0.0,0.0,0.0,0.0,0.0
NTES,Year End,TTM,2019-12,2018-12,2017-12,2016-12,2015-12,2014-12,2013-12,2012-12,2011-12,2010-12
NTES,Revenue,"69,640","59,241","67,156","54,102","38,179","22,803","11,713","9,196","8,201","7,291","5,508"
NTES,NP,"14,141","21,238","6,152","10,708","11,605","6,735","4,757","4,444","3,637","3,234","2,236"
NTES,EPS,20.68,32.65,9.45,16.15,17.55,10.20,7.25,6.80,5.55,4.95,3.45
NTES,DPS,10.96,8.90,2.24,4.92,3.91,2.25,3.03,—,—,—,—
NTES,Div Payout,35.6,20.0,35.2,22.6,21.6,24.2,25.1,—,—,—,—
NTES,Shares,685,650,651,663,661,661,655,651,658,655,652
NTES,BVPS,18.32,14.02,9.86,10.49,7.68,6.33,5.51,4.82,3.87,2.94,—
NTES,OCF,"22,185","17,216","13,416","11,889","15,488","8,077","5,873","5,236","4,224","4,073","2,855"
NTES,NP Margin,20.31,35.85,9.16,19.79,30.40,29.54,40.61,48.32,44.35,44.36,40.59
NTES,ROE,19.03,39.81,13.53,25.52,34.42,25.59,21.80,24.74,25.25,28.29,26.03
NTES,Revenue GR,27.48,-11.79,24.13,41.71,67.43,94.68,27.37,12.14,12.49,32.37,—
NTES,Revenue GR 3Y avg,—,15.77,43.34,66.54,60.72,40.62,17.12,18.64,29.72,33.21,—
NTES,Revenue GR 5Y avg,—,38.29,48.83,45.84,39.26,32.86,25.54,24.42,29.95,27.49,—
NTES,Revenue GR 10Y avg,—,31.76,36.08,37.66,33.24,30.33,29.20,32.72,43.54,74.22,—
NTES,NP GR,—,22.32,-2.97,31.06,37.71,22.80,13.72,25.73,25.27,26.53,—
NTES,NP GR 3Y avg,—,34.88,6.72,24.10,29.11,24.68,20.78,22.72,23.54,21.08,—
NTES,NP GR 5Y avg,—,27.64,14.44,23.82,25.03,21.87,26.84,29.98,71.74,—,—
NTES,NP GR 10Y avg,0.0,0.0,0.0,0.0,0.0,0.0,0.0,0.0,0.0,0.0,0.0
NTES,EPS GR,-77.63,245.50,-41.49,-7.98,72.06,40.69,6.62,22.52,12.12,43.48,—
NTES,EPS GR 3Y avg,—,22.99,-2.51,30.60,37.17,22.49,13.56,25.38,24.88,26.42,—
NTES,EPS GR 5Y avg,—,35.12,6.80,23.82,28.81,24.21,20.53,22.65,23.91,22.42,—
NTES,EPS GR 10Y avg,—,27.62,14.45,23.86,25.57,41.15,46.20,49.13,83.97,—,—
NTES,OCF GR,—,28.33,12.84,-23.24,91.76,37.53,12.17,23.95,3.72,42.66,—
NTES,D/E,—,—,—,—,—,—,—,—,—,—,—
NTES,Price,106.8,60.6,45.01,65.64,40.47,33.52,18.09,13.88,7.34,7.75,6.24
NTES,P/E,34.95,13.04,31.83,27.47,15.45,20.82,15.43,12.46,8.35,10.06,12.19
PINS,Year End,TTM,2020-12,2019-12,2018-12,2017-12,2016-12,2015-12,2014-12,2013-12,2012-12,2011-12
PINS,Revenue,"1,693","1,693","1,143",756,473,—,—,—,—,—,—
PINS,NP,-128,-128,"-1,361",-63,-130,—,—,—,—,—,—
PINS,EPS,-0.22,-0.22,-3.24,-0.12,-0.29,—,—,—,—,—,—
PINS,DPS,—,—,—,—,—,—,—,—,—,—,—
PINS,Div Payout,—,—,—,—,—,—,—,—,—,—,—
PINS,Shares,596,596,420,529,449,—,—,—,—,—,—
PINS,BVPS,3.53,3.09,3.43,—,—,—,—,—,—,—,—
PINS,OCF,29,29,1,-60,-103,—,—,—,—,—,—
PINS,NP Margin,-7.58,-7.58,-119.13,-8.33,-27.50,—,—,—,—,—,—
PINS,ROE,-6.02,-6.02,-104.34,-320.56,—,—,—,—,—,—,—
PINS,Revenue GR,76.45,48.12,51.17,59.87,—,—,—,—,—,—,—
PINS,Revenue GR 3Y avg,—,52.97,—,—,—,—,—,—,—,—,—
PINS,Revenue GR 5Y avg,—,—,—,—,—,—,—,—,—,—,—
PINS,Revenue GR 10Y avg,—,—,—,—,—,—,—,—,—,—,—
PINS,NP GR,—,—,—,—,—,—,—,—,—,—,—
PINS,NP GR 3Y avg,—,—,—,—,—,—,—,—,—,—,—
PINS,NP GR 5Y avg,—,—,—,—,—,—,—,—,—,—,—
PINS,NP GR 10Y avg,0.0,0.0,0.0,0.0,0.0,0.0,0.0,0.0,0.0,0.0,0.0
PINS,EPS GR,-600.00,—,—,—,—,—,—,—,—,—,—
PINS,EPS GR 3Y avg,—,—,—,—,—,—,—,—,—,—,—
PINS,EPS GR 5Y avg,—,—,—,—,—,—,—,—,—,—,—
PINS,EPS GR 10Y avg,—,—,—,—,—,—,—,—,—,—,—
PINS,OCF GR,—,—,—,—,—,—,—,—,—,—,—
PINS,D/E,0.06,0.06,0.09,0.26,—,—,—,—,—,—,—
PINS,Price,76.22,65.9,0.0,0.0,0.0,0.0,0.0,0.0,0.0,0.0,0.0
PINS,P/E,0.0,0.0,0.0,0.0,0.0,0.0,0.0,0.0,0.0,0.0,0.0
SHOP,Year End,TTM,2020-12,2019-12,2018-12,2017-12,2016-12,2015-12,2014-12,2013-12,2012-12,2011-12
SHOP,Revenue,"2,929","2,929","1,578","1,073",673,389,205,105,50,24,—
SHOP,NP,320,320,-125,-65,-40,-35,-19,-22,-5,-1,—
SHOP,EPS,2.59,2.59,-1.10,-0.61,-0.42,-0.42,-0.30,-0.34,-0.07,-0.02,—
SHOP,DPS,—,—,—,—,—,—,—,—,—,—,—
SHOP,Div Payout,—,—,—,—,—,—,—,—,—,—,—
SHOP,Shares,123,123,113,106,96,84,62,67,67,66,—
SHOP,BVPS,52.16,50.41,24.22,15.15,9.89,4.60,2.46,—,—,—,—
SHOP,OCF,425,425,71,9,8,14,16,-1,1,2,—
SHOP,NP Margin,10.91,10.91,-7.91,-6.01,-5.94,-9.08,-9.16,-21.24,-9.63,-5.20,—
SHOP,ROE,6.79,6.79,-4.89,-4.18,-5.67,-11.67,-21.35,—,—,—,—
SHOP,Revenue GR,93.55,85.63,47.05,59.40,72.94,89.70,95.43,108.98,111.92,—,—
SHOP,Revenue GR 3Y avg,—,63.25,59.45,73.57,85.77,97.87,105.31,—,—,—,—
SHOP,Revenue GR 5Y avg,—,70.18,71.94,84.46,95.27,—,—,—,—,—,—
SHOP,Revenue GR 10Y avg,—,—,—,—,—,—,—,—,—,—,—
SHOP,NP GR,—,—,—,—,—,—,—,—,—,—,—
SHOP,NP GR 3Y avg,—,—,—,—,—,—,—,—,—,—,—
SHOP,NP GR 5Y avg,—,—,—,—,—,—,—,—,—,—,—
SHOP,NP GR 10Y avg,0.0,0.0,0.0,0.0,0.0,0.0,0.0,0.0,0.0,0.0,0.0
SHOP,EPS GR,—,—,—,—,—,—,—,—,—,—,—
SHOP,EPS GR 3Y avg,—,—,—,—,—,—,—,—,—,—,—
SHOP,EPS GR 5Y avg,—,—,—,—,—,—,—,—,—,—,—
SHOP,EPS GR 10Y avg,—,—,—,—,—,—,—,—,—,—,—
SHOP,OCF GR,—,501.80,657.35,18.01,-43.63,-11.04,—,—,-31.60,—,—
SHOP,D/E,0.14,0.14,0.05,0.01,0.01,0.03,0.05,—,—,—,—
SHOP,Price,1207.8,1131.95,397.58,138.45,101.0,42.87,0.0,0.0,0.0,0.0,0.0
SHOP,P/E,473.65,443.9,0.0,0.0,0.0,0.0,0.0,0.0,0.0,0.0,0.0
